1958 2947
528 137 580 172 De
610 138 753 183 oriyiue
782 144 813 174 et
843 140 962 174 causis
991 142 1134 186 poeseos
1165 140 1381 176 llebrm'cae.
1742 144 1762 180 5

136 244 464 286 existimaretur.
531 243 728 299 Denique
762 255 803 286 et
835 260 990 287 numen
1023 248 1212 289 divinum
1244 248 1287 288 iu
1319 249 1588 303 gravioribus
1621 264 1761 292 rerum

137 323 361 363 momentis
392 319 637 361 hominibus
667 323 870 376 adparere
904 333 1092 377 putatur3
1144 339 1251 380 quae
1284 328 1426 380 opinio
1463 336 1559 382 post
1596 328 1761 370 Mosen»

136 403 207 442 vix
238 400 347 454 apud
377 397 600 439 Hebraeos
632 399 986 454 deprehenditur,
1021 403 1174 456 quibus
1205 406 1359 459 quippe
1390 405 1652 460 temporibus
1679 421 1758 448 nu-

134 480 260 519 minis
302 478 435 517 divini
478 475 572 517 loco
617 477 758 532 angeli
804 479 1005 532 adparere
1057 480 1324 533 putabantur.
1411 482 1540 523 Haud
1589 485 1755 538 quidem

136 558 284 612 negari
309 564 472 609 potest,
507 557 612 595 etin
639 555 940 610 prophetarum
970 555 1091 597 libris
1123 557 1380 613 psalmisque
1407 562 1590 602 numinis
1624 562 1754 602 divini

133 635 438 688 adparitionem
477 633 689 673 interdum
731 635 981 683 memorari,
1035 649 1140 688 quae
1171 645 1310 676 tamen
1344 651 1435 687 res,
1479 651 1602 679 secus
1631 648 1754 694 atque

132 715 174 753 in
203 711 308 753 Jobi
331 709 466 761 libro,
507 711 676 750 nonnisi
706 712 758 751 ad
790 712 997 764 poeticam
1027 711 1243 753 fictionem
1275 714 1498 764 referenda
1530 715 1581 768 ⁴).

242 799 298 852 11)
331 799 378 839 In
402 797 507 839 Jobt
531 797 641 839 libro
673 814 808 854 neque
838 800 981 854 populi
1006 801 1209 842 Hebraici
1235 804 1435 853 historia,
1469 818 1604 858 neque
1634 803 1751 859 leges

130 879 344 920 Mos-aicae
387 891 562 930 usquam
603 879 902 932 respiciuntur.
970 878 1102 920 Nulla
1140 879 1227 921 illic
1270 881 1427 920 mentio
1466 880 1752 923 celebratissi—

128 972 289 998 morum
316 953 457 1009 populi
479 954 683 995 Hebraici
711 957 946 1008 majorum,
979 958 1245 1007 Abrahami,
1279 957 1403 998 Isacz·
1423 966 1545 1013 atque
1569 959 1751 1009 Jacobc‘3

129 1034 234 1076 nihil
275 1035 326 1074 de
365 1033 556 1084 ejusdem
600 1032 743 1086 populi
784 1035 1038 1087 migratione
1078 1050 1131 1076 ex
1171 1036 1396 1089 Aegypto,
1456 1037 1635 1076 transitu
1675 1051 1748 1090 per

127 1126 242 1153 mare
274 1109 579 1163 Erythraeum,
613 1109 762 1159 bellis,
803 1124 894 1150 cum
928 1112 1162 1152 Cananaeis
1197 1111 1374 1166 aliisque
1405 1111 1569 1166 populis
1598 1116 1744 1167 gestis,

123 1192 252 1244 inque
283 1186 459 1227 exilium
491 1188 733 1238 ejectione3
784 1187 890 1227 nihil
921 1189 971 1228 de
1003 1190 1340 1242 Hierosolymis,
1381 1189 1543 1239 Zione,
1588 1189 1745 1244 templo

122 1266 473 1318 caerimoniisque
504 1264 722 1304 Leviticis.
794 1263 883 1304 Imo
924 1280 1000 1306 nec
1038 1269 1173 1320 ipsum
1207 1268 1392 1307 numinis
1423 1268 1556 1306 divini
1588 1281 1742 1308 nomen

123 1357 252 1394 ,ηπ-μ,
284 1342 395 1397 quod
422 1342 521 1381 inde
553 1356 577 1381 a
606 1341 748 1382 Masis
777 1352 914 1382 aetate
945 1358 1046 1397 prae
1076 1347 1226 1385 ceteris
1245 1343 1327 1384 Dei
1360 1344 1603 1385 nominibus
1631 1346 1742 1399 apud

123 1423 345 1463 Hebraeos
373 1418 575 1467 invaluit,
608 1418 714 1461 Jobi
734 1422 896 1461 auctori
929 1424 1143 1476 cognitum
1170 1423 1300 1462 fuisse
1322 1423 1499 1462 videtur.
1549 1421 1742 1478 Namque

122 1503 200 1541 etsi
241 1492 488 1553 saepissime
528 1499 715 1537 numinis
755 1499 889 1539 divini
929 1500 1086 1539 mentio
1123 1501 1368 1552 injiciatur,
1423 1500 1557 1540 Jovae
1598 1509 1738 1540 tamen

123 1592 297 1626 nomen,
329 1584 493 1630 praeter
523 1577 721 1616 carminis
750 1575 969 1631 prologum
1003 1586 1045 1617 et
1074 1576 1308 1632 epilogum,
1352 1579 1423 1631 qui
1453 1579 1604 1618 seriori
1634 1587 1739 1618 tem-

121 1670 223 1711 pore
253 1655 408 1707 adjecti
436 1662 555 1702 sunt,
599 1667 805 1707 nusquam
838 1656 1044 1705 occurrit,
1088 1657 1170 1695 nisi
1200 1669 1292 1708 cap.
1317 1654 1432 1704 Xll,
1467 1669 1505 1695 v.
1532 1658 1582 1704 9,
1624 1664 1665 1695 et
1693 1657 1735 1695 in

120 1745 391 1779 sermonum,
445 1732 516 1785 qui
556 1729 649 1770 Deo
692 1729 964 1780 tribuuntur,
1020 1732 1380 1785 inscriptionibus.
1457 1730 1514 1771 At
1554 1745 1654 1772 vero
1693 1733 1735 1772 in

120 1812 249 1865 priori
281 1808 356 1849 illo
387 1807 480 1848 loco
512 1821 733 1862 perperam
764 1818 862 1849 'rm-u
901 1822 975 1861 pro
1006 1811 1114 1852 rub&
1144 1808 1326 1862 legitur;
1376 1817 1418 1848 et
1447 1810 1556 1862 quod
1586 1810 1638 1849 ad
1670 1811 1736 1849 in-

121 1890 376 1942 scriptiones
423 1894 678 1926 memoratas
722 1887 912 1935 adtinet,
978 1899 1177 1940 perquam
1223 1885 1455 1927 verisimile
1497 1895 1584 1936 est,
1640 1885 1735 1927 illas

124 1966 275 2007 seriori
304 1973 490 2017 tempore
519 1964 707 2016 adjectas
740 1963 872 2004 fuisse
907 1964 959 2016 ⁵).

230 2041 311 2094 ΙΙΙ)
343 2041 486 2094 Ipsum
514 2054 678 2095 quoque
710 2041 876 2080 dicendi
907 2054 1067 2095 genus,
1102 2041 1213 2094 quod
1244 2043 1286 2081 in
1317 2040 1422 2082 Jobz·
1446 2040 1556 2081 libro
1588 2041 1734 2094 depre-

119 2121 339 2168 henditur,
377 2120 626 2158 documento
659 2127 744 2167 est,
779 2117 932 2158 librum
963 2117 1082 2158 illum
1114 2126 1210 2157 ante
1238 2117 1380 2158 stlosis·
1409 2127 1589 2159 aetatem
1622 2133 1735 2158 com-

119 2200 302 2253 positum
339 2196 486 2236 fuisse.
562 2194 754 2249 Namque
795 2209 918 2249 quam
963 2194 1143 2250 plurima
1184 2195 1387 2236 vocabula
1424 2197 1476 2237 ea
1513 2205 1735 2237 occurrunt

175 2377 219 2426 4)
253 2376 481 2414 Eichhornii
514 2376 658 2413 introd.
679 2375 718 2413 in
743 2376 828 2414 Vet.
851 2376 1031 2414 Testam.
1065 2380 1091 2414 t.
1115 2377 1191 2421 ΙΙΙ,
1224 2389 1260 2426 p.
1284 2374 1381 2414 575.
1426 2374 1645 2414 Bertholdti
1677 2373 1731 2410 ina

230 2444 331 2481 trod.
364 2444 409 2480 P.
434 2444 475 2488 V,
507 2457 542 2492 p.
564 2441 694 2488 2132,
727 2442 849 2480 2140.

174 2521 218 2571 5)
250 2520 479 2558 Eichhornii
513 2520 655 2558 introd.
686 2520 725 2557 in
760 2521 843 2557 Vet.
875 2520 1057 2558 Testam.
1099 2525 1125 2557 t.
1155 2520 1229 2564 ΙΙΙ,
1262 2533 1297 2568 p.
1319 2516 1423 2563 569,
1455 2516 1551 2555 575.
1601 2515 1731 2552 Stuhl-

231 2587 360 2624 manni
391 2586 533 2624 introd.
565 2586 602 2623 in
633 2586 773 2624 librum
794 2586 908 2632 sobi,
938 2601 972 2637 p.
996 2586 1065 2633 47,
1096 2585 1165 2624 48.
1204 2584 1424 2623 Bertholdti
1447 2583 1588 2620 introd.
1620 2582 1666 2620 Ρ.
1690 2583 1730 2625 V,

232 2668 267 2703 p.
298 2651 420 2691 2133.
