1958 2947
518 173 571 210 De
599 175 742 222 orz'yino
770 181 803 212 et
830 175 951 212 causis
974 176 1122 222 poeseos
1150 174 1341 211 Arabicae.
1689 174 1744 212 49

119 281 298 333 incolis,
331 283 498 337 cognita
529 283 721 337 quidem,
769 283 844 323 sed
876 284 948 323 vix
981 284 1086 323 adeo
1117 283 1273 323 usitata
1302 281 1435 322 fuisse
1468 283 1651 333 videtur,
1701 293 1746 323 ut

118 363 306 402 carmina
330 359 526 415 longiora
554 359 784 400 artificiose
814 359 948 402 literis
969 362 1109 401 aureis
1131 360 1258 414 bysso
1288 361 1525 414 potuissent
1554 360 1745 401 inscribi.

116 440 201 481 Sed
232 442 269 481 si
300 439 506 480 concedas
537 440 688 490 etiam,
724 440 814 492 jam
846 447 932 479 tum
966 440 1169 493 temporis
1201 439 1306 478 adeo
1338 439 1580 493 expeditum
1609 438 1743 479 fuisse

117 517 331 559 scribendi
362 531 510 567 usum,
560 526 605 558 ut
646 516 840 572 longiora
879 519 1065 558 carmina
1108 516 1236 569 bysso
1279 518 1516 571 potuissent
1553 516 1744 568 inscribi,

118 596 231 637 haud
263 606 401 637 tamen
433 595 635 637 credibile
667 605 756 646 est,
790 597 932 636 omnia
961 595 1035 635 illa
1067 596 1279 644 carmina,
1321 594 1473 649 quibus
1505 593 1644 648 palma
1674 596 1746 636 ad-

113 676 304 730 judicata
334 683 470 725 esset,
517 674 692 715 Caabae
722 674 885 714 foribus
914 673 1043 714 affixa
1072 674 1217 713 fuisse,
1287 671 1481 726 Namque
1512 675 1743 714 carminum

119 754 288 795 illorum
332 753 444 793 haud
484 754 665 807 exiguus
706 767 906 793 numerus
948 766 1042 792 esse
1080 751 1247 798 debuit3
1299 764 1406 805 quae
1446 750 1483 790 si
1524 760 1672 790 cuncta
1703 753 1746 791 in

121 833 270 874 Caabcz
316 845 523 886 suspensa
569 830 781 880 fuissent,
837 832 1066 871 sanctuarii
1110 828 1224 869 illius
1267 830 1447 882 parietes
1489 828 1747 869 carminibus

117 912 294 966 perinde
324 911 462 951 ornati
492 908 702 958 fuissent,
749 922 797 948 ac
828 912 985 950 nostris
1019 906 1276 962 temporibus
1319 907 1494 947 dix-itum
1529 904 1749 947 conclavia

117 990 269 1043 tapetis
309 989 455 1028 vestiri
498 986 666 1036 solent,
717 986 827 1041 quod
869 989 1036 1041 quidem
1081 986 1194 1026 haud
1232 983 1359 1025 facile
1400 986 1622 1039 quisquam
1663 984 1747 1025 sibi

117 1065 401 1121 persuadebit.
461 1065 657 1119 Denique
680 1066 715 1105 si
740 1065 926 1104 carmina
957 1062 1030 1103 illa
1062 1064 1178 1103 tanta
1210 1064 1310 1103 cura
1341 1061 1478 1102 literis
1500 1064 1748 1116 consignata

118 1151 159 1182 et
191 1154 461 1184 sacrosancto
492 1142 567 1184 illo
599 1143 693 1183 loco
725 1143 946 1183 adservata
976 1141 1179 1190 fuissent,
1227 1142 1298 1195 qui
1332 1140 1488 1179 factum
1521 1150 1608 1190 est,
1649 1149 1693 1180 ut
1724 1155 1746 1179 e

116 1219 259 1261 multis
289 1230 447 1275 septem
481 1231 640 1261 tantum
673 1221 726 1260 ad
756 1230 901 1261 nostra
938 1219 1233 1273 superaverint
1267 1218 1483 1271 tempora}
1537 1216 1747 1258 Probabi-

115 1297 264 1339 liorem
297 1299 481 1338 nominis
513 1297 761 1339 Moallalzat
791 1300 997 1338 rationem
1029 1297 1167 1336 reddit
1202 1294 1348 1343 locus,
1392 1309 1516 1350 quem
1547 1310 1570 1335 e
1602 1298 1745 1337 codice

97 1377 435 1419 ‚Moallakarum
468 1375 664 1416 Gothano
695 1376 955 1430 depromtum
987 1373 1182 1414 exhibuit
1202 1373 1489 1428 Kosegarten
1519 1376 1562 1413 in
1588 1375 1749 1415 Amr-ui

118 1454 198 1496 ben
227 1455 437 1496 Kelchum
467 1455 675 1504 editione,
707 1469 748 1509 p.
774 1457 851 1504 66,
892 1455 1014 1507 cujus
1047 1452 1178 1493 verba
1208 1467 1261 1492 ex
1294 1452 1621 1506 Kosegartenii
1649 1465 1746 1490 ver-

117 1534 237 1574 sione
268 1535 310 1573 iu
345 1533 456 1574 hunc
492 1533 663 1573 modum
704 1533 900 1573 audiunt:
951 1531 1145 1583 „Dictae
1180 1541 1319 1571 autem
1351 1539 1450 1570 sunt
1478 1524 1755 1579 stloullakae‚'

117 1613 143 1652 i.
172 1626 210 1652 e.
242 1624 499 1665 suspensae,
541 1612 662 1664 quia,
698 1611 1030 1664 quotiescunque
1061 1609 1297 1650 recitabant
1327 1622 1495 1648 carmen
1524 1609 1567 1647 in
1599 1620 1746 1647 eorum

116 1689 413 1739 consessibus,
446 1688 644 1729 dicebant
667 1689 876 1728 seniores:
909 1687 1160 1741 suspendite
1188 1687 1260 1739 2'd5
1291 1696 1335 1726 ut
1355 1683 1647 1740 significarent
1665 1683 1747 1724 hoc

116 1781 213 1807 esse
243 1781 297 1808 ex
326 1768 404 1818 iis,
448 1780 554 1821 quae
582 1767 750 1819 juvaret
780 1780 966 1806 servare.
1039 1764 1162 1813 Quod
1198 1779 1296 1805 vero
1328 1764 1550 1812 dixerunt,
1596 1774 1746 1815 nempe

117 1859 167 1885 ea
195 1859 399 1900 suspensa
429 1844 563 1885 fuisse
593 1845 637 1884 in
673 1842 846 1892 Caaba,
887 1841 967 1884 hoc
997 1844 1272 1883 fundamento
1306 1850 1444 1891 caret,
1480 1842 1589 1880 sicut
1618 1839 1747 1879 tradit

116 1923 217 1965 Ebu
245 1923 494 1965 Eunuchus.
510 1928 536 1948 ‘⁶
606 1922 748 1972 Quare
779 1922 934 1963 rectius
965 1931 1147 1972 statuas,
1195 1928 1520 1977 cognomentum
1551 1917 1745 1958 ssloalla-

117 2003 191 2042 kat
213 2001 469 2043 carminibus
491 2001 576 2042 illis
600 2016 692 2043 eam
718 2011 885 2056 propter
907 2015 1077 2042 causam
1101 2002 1278 2041 inditum
1294 2030 1306 2051 ,
1339 1999 1447 2054 quod
1470 2011 1569 2052 prae
1595 1997 1746 2037 ceteris

118 2081 246 2135 digna
284 2081 551 2130 viderentur,
604 2094 708 2134 quae
739 2081 789 2120 ad
831 2089 1021 2135 posteros
1052 2079 1388 2119 adservarentur.
1457 2075 1583 2116 Haud
1622 2074 1747 2114 dissi-

118 2156 231 2198 milis
260 2167 301 2198 et
330 2157 502 2199 alterius
534 2157 649 2199 illius
681 2159 972 2212 cognomenti,
1006 2172 1086 2212 quo
1111 2159 1296 2197 carmina
1317 2155 1422 2195 haec
1444 2154 1744 2207 insigniuntur,

121 2236 229 2275 ratio
269 2235 404 2276 fuisse
439 2238 620 2278 videtur.
690 2233 786 2275 Non
820 2235 931 2290 quod
960 2235 1095 2276 literis
1129 2236 1268 2275 aureis
1309 2233 1434 2286 bysso
1473 2231 1540 2273 vel
1578 2231 1747 2272 sindoni

120 2313 455 2354 inscriberentur
478 2312 800 2355 Modsahlzabat
832 2314 945 2354 dicta
973 2314 1115 2361 fuere3
1149 2313 1223 2354 sed
1245 2313 1355 2368 quod
1385 2310 1747 2366 praestantissima

82 2396 85 2400 ’
121 2397 300 2446 poeseos
341 2394 536 2446 antiquae
576 2394 836 2433 monimenta
869 2393 959 2432 visa
997 2393 1104 2441 sint,
1154 2405 1378 2431 aureorum
1420 2395 1744 2444 cognomentum

122 2479 397 2524 acceperunt:
441 2472 793 2525 quemadmodum
825 2479 868 2512 et
898 2472 1132 2511 sententiae
1163 2468 1285 2518 illae,
1327 2481 1432 2524 quae
1462 2464 1747 2520 Pythagorae

122 2550 292 2589 nomine
324 2548 700 2601 circumferuntur,
732 2548 861 2590 simili
890 2551 1054 2590 ratione
1080 2547 1234 2603 χρύσεα
1258 2547 1354 2601 ἔπη,
1387 2558 1514 2586 aurea
1544 2541 1745 2589 carmina,

121 2625 332 2680 adpellata
351 2627 484 2669 fuere.
517 2627 599 2668 Sed
622 2642 893 2683 quaecunque
911 2628 1078 2669 tandem
1101 2628 1318 2681 utriusque
1343 2623 1457 2664 illius
1478 2617 1747 2675 cognomenti

122 2718 248 2745 causa
288 2706 445 2758 fuerit,
501 2707 543 2746 id
595 2700 706 2746 certe
745 2716 935 2756 constat,
993 2708 1159 2760 poetica
1198 2703 1273 2743 illa
1315 2701 1579 2749 certamina,
1640 2708 1746 2750 quae

1377 2784 1403 2818 4
