1979 3073
548 202 602 236 De
631 200 722 245 stylo
765 201 970 237 carminum
1000 199 1255 237 Arabicarum.
1637 203 1714 240 157

321 308 625 349 Adversarium
654 305 920 362 relinquere,
963 309 1047 350 nisi
1073 310 1111 349 is
1140 308 1270 349 fuerit
1297 309 1470 351 fractus.

319 387 427 427 Eum
459 392 628 439 propter
660 393 832 425 manent
860 383 1008 427 leones
1039 387 1196 427 deserti
1227 399 1360 428 vacuo
1392 394 1564 437 ventre,

318 463 468 519 Neque
496 460 716 503 ambulant
755 463 798 502 in
829 461 942 503 valle
974 465 1070 517 ejus
1101 465 1275 518 pedites.

317 540 466 596 Neque
497 548 634 582 cessat
664 541 707 580 in
747 540 840 593 ejus
872 539 983 580 valle
1013 541 1144 582 frater
1184 540 1466 583 confidentiae

318 619 528 671 Projectis
556 619 686 658 armis
716 617 986 672 vestibusque
1017 618 1225 660 devorari.

89 698 215 739 Haud
253 697 407 739 minori
449 694 657 735 cothurno
695 695 854 735 incedit
896 693 1149 747 Schanfara
1186 698 1229 736 in
1272 696 1552 738 describendo
1596 696 1710 753 lupo,

89 775 364 816 acerbissima
390 773 501 814 fame
528 773 767 826 exagitat03
799 786 921 827 quem
948 771 1113 823 locum,
1147 788 1240 814 cum
1266 773 1442 829 longum
1472 785 1584 816 esset
1604 778 1715 817 inte-

86 867 209 909 grum
236 851 464 900 exhibere,
506 850 690 890 breviter
723 859 886 890 tantum
918 853 1273 905 perstringemus,
1311 850 1514 894 lectorem
1547 854 1600 894 ad
1632 855 1713 895 viri

87 929 251 973 clariss.
276 930 329 971 de
353 927 468 983 Sacy
491 926 877 968 Chrestomatbiam
907 926 1136 969 Arabicam
1166 931 1454 981 remittentes,
1485 931 1562 973 ubi
1593 931 1713 973 nobi-

87 1018 296 1061 lissimum
327 1017 432 1059 illud
461 1016 740 1068 Scharffarae
777 1031 973 1068 carmen,
1014 1019 1130 1083 95:255
1158 1006 1271 1075 3:228!
1294 1018 1572 1075 appellatum,
1604 1022 1713 1062 inte-

86 1123 208 1164 grum
239 1107 433 1150 habetur.
493 1104 723 1162 Comparat
756 1121 850 1147 sese
884 1113 1005 1161 poe‘ta
1035 1106 1109 1148 illo
1139 1106 1257 1158 loco,
1289 1122 1328 1148 v.
1357 1113 1566 1160 20—35‚
1596 1109 1710 1164 lupo,

88 1189 160 1242 qui
200 1185 477 1228 acerbissima
516 1185 628 1225 fame
670 1186 907 1239 exagitatus
955 1185 1120 1225 deserta
1159 1188 1388 1238 percurrit,
1428 1188 1607 1241 praedae
1647 1189 1712 1228 in-

86 1264 226 1306 hians.
284 1263 503 1304 Frustrato
542 1262 629 1303 cibi
667 1263 880 1303 desiderio
920 1261 1123 1302 ululatum
1165 1262 1293 1314 tollit,
1334 1279 1459 1319 quem
1488 1263 1564 1305 alii
1602 1264 1711 1305 refe-

85 1351 183 1384 runt
210 1341 322 1397 lupi,
362 1341 477 1381 fame
506 1342 723 1394 macieque
757 1340 959 1390 confecti,
999 1350 1284 1396 resonantque
1325 1341 1487 1383 ululatu
1528 1343 1710 1384 deserta.

87 1418 196 1462 Cum
227 1418 300 1460 ille
332 1420 486 1460 desinit
517 1417 707 1468 ululare,
753 1419 952 1460 desinunt
994 1427 1035 1459 et
1077 1418 1145 1469 hi,
1187 1433 1316 1474 seque
1357 1418 1547 1460 solantur
1584 1420 1710 1471 fame,

88 1513 211 1553 quam
241 1496 314 1538 ille
343 1499 519 1553 patitur,
561 1498 686 1537 sicuti
725 1506 766 1537 et
804 1497 896 1551 ipse
937 1511 1030 1538 sese
1071 1496 1232 1538 solatur
1265 1513 1410 1538 eorum
1441 1499 1710 1540 cruciatibus.

85 1575 173 1618 Ubi
205 1577 384 1631 denique
417 1575 554 1624 videt,
587 1575 702 1614 omni
733 1576 953 1615 conamine
979 1573 1039 1615 nil
1065 1589 1110 1614 se
1133 1574 1327 1626 efficere,
1358 1577 1534 1631 gradum
1567 1578 1712 1628 refert,

86 1655 359 1709 referuntque
398 1664 439 1694 et
479 1651 565 1702 illi,
607 1652 813 1706 patientia
850 1654 1125 1693 saevissimae
1166 1652 1292 1694 famis
1334 1664 1542 1694 tor-menta
1580 1657 1712 1695 susti-

88 1741 239 1774 nentes
273 1732 356 1784 91).
395 1754 450 1761 -—
489 1731 524 1770 E
562 1732 800 1781 sexcentis,
841 1744 949 1785 quae
990 1729 1114 1771 nobis
1155 1731 1199 1771 in
1238 1741 1405 1785 promtu
1445 1739 1570 1780 sunt,
1610 1730 1711 1784 sty1i

84 1835 182 1844 ————·

0 1870 3 1930 i
143 1890 217 1944 91)
249 1888 393 1930 Mirum
422 1890 461 1928 in
493 1890 646 1928 modum
674 1890 897 1928 alucinatur
923 1891 1111 1932 Casirius,
1144 1889 1183 1926 in
1212 1889 1397 1927 Biblioth.
1425 1889 1545 1928 Arab.
1569 1889 1708 1929 Escur.

0 1944 2 1954 ‚
199 1964 293 1996 tom.
322 1958 352 2004 l,
385 1972 420 2009 p.
442 1957 535 2004 134,
567 1958 614 1995 de
638 1958 854 2006 Schansarci
884 1958 1047 2009 ejusque
1073 1959 1235 1994 carmine
1255 1959 1408 1995 Lamico
1437 1956 1477 1994 in
1502 1958 1603 1995 hunc
1627 1971 1707 1995 mo-

199 2025 287 2064 dum
317 2024 536 2062 disserens:
569 2024 743 2070 „Poe'ma
776 2024 1007 2075 inscriptum
1038 2025 1191 2062 Lamiat
1221 2023 1383 2070 Alarab,
1413 2023 1441 2062 i.
1473 2036 1507 2063 e.
1541 2025 1707 2063 Carmen

198 2091 431 2138 Arabicum,
463 2091 502 2129 in
525 2104 599 2143 quo
620 2104 758 2130 versus
794 2104 927 2129 omnes
957 2091 1074 2129 litera
1103 2090 1127 2139 ὁ
1149 2091 1421 2129 terminantur.
1479 2093 1540 2130 Ibi
1565 2095 1607 2130 de
1632 2085 1705 2130 s'er-

199 2163 317 2198 monis
350 2160 502 2197 Arabici
534 2161 738 2207 elegantia,
771 2163 1001 2209 proprietate
1034 2172 1078 2196 ac
1113 2160 1318 2196 eruditione
1350 2161 1563 2197 disseritur:
1609 2173 1705 2211 quo-

200 2226 309 2264 circa
336 2225 411 2264 viri
438 2225 587 2263 literati
626 2225 801 2262 omnibus
834 2225 1030 2264 Arabicae
1051 2226 1214 2278 linguae
1245 2226 1437 2264 studiosis
1465 2231 1601 2277 poema
1631 2227 1706 2265 hoc

196 2293 405 2346 legendum
432 2296 667 2344 proponunt.
717 2293 824 2331 nlius
852 2299 978 2330 autem
1006 2297 1145 2331 auctor
1164 2297 1226 2330 est
1247 2293 1499 2337 Alschancari,
1521 2293 1707 2353 OEjffissdi

195 2372 340 2422 (minus
360 2377 469 2409 recte
493 2371 594 2423 legit
616 2372 843 2409 Herbelotius
866 2384 949 2408 cum
977 2385 1053 2409 uno
1079 2376 1222 2422 puncto
1247 2370 1455 2409 diacritico
1472 2372 1704 2422 Schaphari)

197 2443 314 2490 poeta
334 2438 651 2489 antiquissimus,
685 2440 795 2490 cujus
817 2438 1003 2496 expedita
1033 2444 1071 2475 et
1101 2437 1233 2476 suavis
1262 2451 1361 2476 vena
1396 2439 1433 2476 in
1456 2440 1703 2489 proverbium

198 2506 299 2544 abiit
326 2506 507 2563 &55:233
587 2524 610 2544 ,a
644 2501 773 2556 Ψᾴεῑ
806 2507 1096 2544 Alschancaraeo
1126 2509 1335 2556 expeditior
1361 2515 1391 2545 et
1417 2509 1610 2544 suavior.“
1644 2527 1703 2537 *—

174 2584 240 2621 <1n
273 2584 460 2621 hocloco
491 2537 638 2634 tripiici
667 2584 756 2623 vice
789 2585 924 2636 lapsus
953 2589 1015 2622 est
1042 2586 1228 2622 Casirius:
1262 2584 1409 2636 primo,
1441 2583 1542 2634 quod
1559 2585 1702 2623 Schan-

196 2653 305 2700 farae
345 2664 503 2688 carmen
546 2651 595 2688 de
633 2652 825 2690 sermonis
862 2652 1024 2690 Arabici
1053 2651 1258 2704 elegantia
1297 2656 1416 2701 atque
1456 2651 1701 2702 proprietate

197 2723 372 2756 tractare
395 2719 630 2763 contendat;
663 2719 828 2764 deinde,
861 2720 963 2769 quod
995 2719 1180 2757 carminis
1203 2722 1403 2756 auctorem
1430 2718 1701 2758 Schancarium
