1968 3095
206 200 263 240 32
830 200 923 237 Pars
953 200 988 237 1.
1048 199 1139 248 Cap.
1170 199 1226 236 11.

209 324 335 367 quam
369 310 588 365 cognitum
628 307 775 351 fuisse.
844 308 902 350 At
932 322 1034 351 vero
1064 310 1138 350 vix
1180 308 1400 364 quisquam
1436 307 1519 350 sibi
1555 306 1842 363 persuadebit,

209 388 448 432 Samuelem
477 396 620 428 tantae
642 385 776 428 fuisse
805 388 1078 438 temeritatis,
1113 396 1159 428 ut
1184 389 1386 442 juvenem
1417 387 1672 437 obscurum,
1703 399 1842 442 neque

208 476 335 510 antea
364 465 446 507 sibi
479 466 722 521 cognitum,
758 462 902 520 populi
932 466 999 506 sui
1024 479 1168 520 regem
1199 465 1454 521 designaret.
1514 464 1664 521 Neque
1694 463 1842 520 liquet,

207 546 322 587 unde
362 545 578 600 egregiam
617 542 735 585 illam
777 549 956 598 poeseos
995 545 1266 599 musicaeque
1307 546 1410 586 artis
1457 546 1650 600 peritiam
1690 542 1848 586 David

207 624 424 674 hauserit,
457 623 566 674 nisi,
602 636 626 663 e
656 623 825 678 pascuis
853 622 1141 678 gregibusque
1171 623 1261 664 suis
1291 633 1550 680 protractus,
1591 625 1635 664 in
1666 623 1844 678 utraque

210 712 302 744 arte
346 703 562 743 institutus
603 701 766 742 fuisset.
846 699 1020 743 Rectius
1063 703 1192 758 igitur
1230 711 1416 754 statuas,
1471 711 1513 744 et
1542 702 1762 745 Davidem
1803 710 1847 743 et

210 781 402 833 Asafum
433 789 498 833 et,
529 795 637 836 quos
669 789 889 836 praeterea
917 790 1035 822 aetas
1066 780 1140 821 illa
1170 780 1368 836 protulit,
1402 787 1548 837 poetas
1573 791 1734 822 tantum
1759 793 1845 821 uon

211 873 360 901 omnes
384 860 427 899 in
452 858 751 915 prophetarum
773 857 932 900 scholis
965 861 1083 914 poesi
1105 861 1352 916 musicaque
1374 869 1463 901 arte
1483 859 1674 902 imbutos
1695 858 1844 900 fuisse.

210 937 306 979 Hac
341 938 505 977 ratione
547 939 715 988 evenit,
755 946 827 988 ut,
869 952 992 993 quem
1033 938 1240 989 libertas,
1290 938 1427 990 bella,
1478 942 1666 981 numinis
1703 937 1850 979 divim·

211 1017 374 1066 cultus,
416 1030 655 1071 sparsaque
679 1030 765 1071 per
794 1017 962 1058 Mosem
991 1019 1191 1060 culturae
1221 1023 1386 1059 semina
1413 1019 1705 1059 excitaverant
1734 1017 1845 1071 apud

209 1093 436 1135 Hebraeos
466 1096 660 1150 spiritum
693 1096 933 1150 poeticum,
983 1109 1078 1138 eum
1113 1096 1428 1152 prophetarum
1465 1095 1638 1139 scholae
1675 1095 1730 1136 ad
1768 1094 1846 1136 flo-

209 1187 298 1214 rem
330 1156 624 1228 perducerent.

899 1365 983 1402 ea
996 1376 1047 1411 p.
1095 1367 1167 1402 11.

613 1467 664 1500 De
699 1468 829 1510 origine
865 1474 901 1503 et
933 1471 1049 1503 causis
1083 1470 1228 1513 poeseos
1266 1468 1448 1502 Arabicae.

940 1606 978 1655 ς.
1010 1603 1118 1646 xv.

330 1702 699 1753 Quemadmodum
740 1709 922 1759 poeseos
959 1704 1201 1748 Ilebraicae
1239 1701 1498 1746 incunabula
1536 1700 1664 1758 longe
1704 1700 1848 1753 altius,

214 1797 339 1839 quam
371 1797 446 1838 par
477 1791 592 1832 erat,
642 1797 668 1823 a
701 1784 803 1824 viris
837 1785 972 1825 doctis
1010 1786 1189 1839 repetita
1218 1784 1359 1825 fuere:
1408 1784 1467 1823 ita
1502 1783 1629 1823 etiam
1659 1780 1851 1824 Arabum

213 1863 364 1916 poesin
395 1859 590 1901 nonnulli
620 1859 764 1902 multis
793 1861 949 1902 seculis
980 1863 1260 1917 antiquiorem
1292 1870 1513 1915 putarunt,
1545 1873 1669 1914 quam
1700 1857 1851 1900 solidis

219 1940 482 1994 argumentis
523 1940 660 1978 evinci
698 1948 848 1993 potest.
916 1938 963 1979 In
996 1954 1119 1993 quam
1158 1941 1414 1980 sententiam
1446 1947 1664 1979 auctorum
1696 1935 1851 1977 Arabi-

216 2030 385 2068 cormn,
417 2015 694 2068 Abulfedae‚
729 2017 926 2059 Hamzae
949 2017 1277 2072 ΙεῃαΙιαηεηείε,
1307 2016 1552 2066 Nowaz'ra't',
1595 2013 1849 2066 Tabara‘tae,

216 2096 422 2138 Masada·
449 2094 710 2151 aliorumque
742 2097 905 2137 inducti
935 2096 1054 2136 suere
1085 2097 1357 2145 auctoritate,
1401 2097 1444 2136 in
1475 2107 1651 2150 quorum
1683 2094 1851 2148 scriptis

217 2176 373 2230 passim
418 2175 606 2214 carmina
648 2176 828 2216 citantur
859 2174 1069 2225 Arabica,
1122 2187 1254 2229 quae,
1303 2174 1340 2214 si
1380 2171 1566 2214 laudatis
1604 2170 1851 2214 auctoribus

216 2251 325 2294 fides
348 2281 360 2303 ‚
415 2251 730 2294 Molmmmeclcs
769 2263 949 2294 aetatem
1001 2251 1145 2294 multis
1192 2250 1348 2293 seculis
1396 2265 1600 2306 superare
1639 2250 1849 2292 videntur.

219 2329 356 2385 Cujus
386 2332 556 2387 generis
588 2332 776 2372 carmina
805 2330 872 2372 vel
905 2333 1140 2373 carminum
1168 2332 1406 2387 fragmenta
1431 2329 1543 2370 haud
1564 2342 1698 2385 pauca
1723 2329 1850 2369 etiam

220 2408 430 2449 habentur
461 2410 502 2450 in
536 2409 782 2465 anthologia
814 2411 1002 2465 poetica,
1037 2425 1144 2466 quae
1175 2410 1397 2452 Hamasae
1429 2408 1600 2449 nomine
1632 2403 1758 2461 vulgo
1786 2406 1853 2448 in·

220 2487 426 2542 signitur,
473 2489 515 2528 in
556 2488 743 2529 De‘oeauo
780 2488 1154 2538 Ηυάειιίίίίανιηη,
1203 2491 1245 2529 in
1288 2491 1564 2542 syntagmate
1601 2488 1850 2535 carminum,

211 2566 336 2627 »θέω
367 2566 490 2621 ὀῑ-ὲῖἷ
522 2568 661 2626 *ei-²5,
710 2577 762 2618 ab
802 2577 1177 2628 Abulfaradscleio
1214 2578 1297 2618 Ali
1334 2574 1415 2618 ehu
1453 2576 1626 2618 Homer·
1663 2573 1852 2629 Ispaha-

222 2659 349 2695 nense·
368 2656 634 2706 concinnato,
657 2656 838 2710 deniqne
862 2656 903 2694 in
922 2653 1566 2696 SchehabnddmiAbalahbasi
1581 2651 1747 2707 Jahjae
1773 2650 1854 2692 beu

222 2741 488 2786 Fadlalullala
502 2759 628 2801 opere
645 2744 846 2786 historico
860 2754 983 2799 atque
998 2744 1299 2800 geographico,
1314 2745 1424 2799 quod
1439 2742 1680 2785 inscribitur
1695 2733 1853 2776 *GL-w*
