1958 2947
270 108 322 144 De
350 115 564 155 argumento
595 110 817 156 diversisque
844 111 1034 157 ,qeneribus
1066 113 1273 148 carminum
1307 112 1582 149 Hebraicorum.
1692 114 1743 152 75

841 220 878 269 ς.
917 217 1014 259 xi..

232 304 425 346 Alterum
456 310 633 360 poeseos
662 305 902 347 Hebraicae
931 322 1067 362 genus
1098 316 1162 349 est
1194 308 1484 359 didacticum,
1532 311 1600 349 cui
1631 307 1748 363 psal-

117 398 280 424 morum
315 382 454 438 aliqua
482 398 603 437 pars,
645 384 966 437 proverbiorum
998 384 1219 436 collectio,
1262 385 1531 427 ecclesiastes
1561 386 1741 441 Jobtque

116 460 226 502 liber
264 462 582 501 adnumerandi.
651 460 902 501 Didacticae
945 468 1124 516 poeseos
1167 464 1361 503 diversae
1406 465 1599 518 species,
1651 466 1743 505 sive

116 548 409 595 argumentum
429 567 441 588 ,
483 540 573 578 sive
604 538 782 578 formam
815 544 1052 593 poematum
1085 549 1263 594 spectes.
1317 539 1612 583 Hebraeorum
1643 548 1747 597 poe-

117 627 228 659 mata
260 617 492 665 didactica‚
523 616 574 655 ad
601 626 895 670 argumentum
927 618 1040 672 quod
1069 619 1242 669 attinet,
1276 626 1452 658 eatenus
1473 620 1743 671 conveniunt,

122 705 167 737 ut
197 694 265 735 vel
295 695 346 735 ad
377 707 445 734 res
477 694 666 741 divinas,
707 693 776 733 vel
805 695 858 734 ad
888 695 999 735 vitae
1030 709 1277 750 morumque
1307 697 1614 736 institutionem
1650 711 1746 751 per-

117 775 304 824 tineant3
335 782 480 811 verum
502 772 555 812 ad
584 770 763 812 formam
795 774 831 812 si
861 782 1048 826 spectes,
1081 771 1279 812 nonnihil
1309 774 1421 812 inter
1452 787 1498 813 se
1529 774 1744 815 differunt.

116 850 277 892 Psalmi
305 850 502 890 didactici
533 849 938 904 proverbiorumque
967 849 1076 890 liber
1100 851 1319 890 sententiis
1347 864 1492 904 parum
1517 850 1747 891 cohaeren-

116 929 227 970 tibus
259 930 553 975 continentum
602 941 730 982 quare
771 928 824 968 ad
861 929 1039 969 eandem
1070 942 1164 970 cum
1197 926 1455 968 Graecorum
1489 928 1745 970 carminibus

118 1008 324 1063 gnomicis
355 1007 536 1061 speciem
569 1005 795 1046 referendi.
866 1005 914 1046 In
957 1005 1202 1062 ecclesiaste
1239 1016 1280 1046 et
1309 1006 1410 1047 Jobz·
1444 1005 1554 1046 libro
1593 1006 1747 1047 cohae-

118 1095 279 1126 rentem
307 1085 442 1138 magis
469 1083 760 1138 deprehendes
784 1085 1044 1131 orationem3
1078 1084 1218 1125 differt
1249 1093 1388 1124 tamen
1419 1084 1472 1124 ab
1499 1083 1744 1124 ecclesiaste

116 1162 218 1203 Jobz·
244 1161 353 1203 liber
384 1164 427 1202 in
459 1175 537 1211 eo,
588 1161 698 1215 quod
730 1160 898 1215 dialogo
932 1172 1085 1202 utatur.
1153 1160 1277 1212 Quae
1317 1177 1386 1203 res
1417 1161 1646 1202 nonnullos
1677 1163 1745 1202 in-

118 1240 263 1290 duxit,
300 1248 342 1280 ut
361 1238 507 1279 Jobum
536 1240 790 1280 dramaticae
813 1240 1139 1279 adnumerarent
1166 1240 1303 1292 poesi,
1346 1242 1534 1295 quinimo
1560 1241 1611 1280 ad
1638 1241 1746 1293 justi

116 1319 316 1359 dramatis
345 1319 480 1358 instar
510 1319 553 1357 in
586 1327 703 1358 actus
734 1331 966 1372 scenasque
997 1318 1249 1372 digererent.
1321 1317 1378 1359 At
1410 1332 1511 1359 vero
1544 1319 1745 1358 dramati-

120 1409 193 1436 cae
233 1401 411 1450 poeseos
450 1397 684 1450 proprietas
726 1410 809 1436 non
849 1397 892 1436 in
924 1409 974 1436 eo
1005 1404 1165 1436 tantum
1203 1398 1480 1451 conspicitur,
1527 1403 1572 1436 ut
1602 1394 1744 1450 plures

116 1475 235 1514 inter‘
264 1488 310 1514 se
351 1472 637 1529 colloquentes
681 1488 886 1528 personae
926 1474 1203 1520 inducantur3
1249 1475 1478 1528 requiritur
1506 1483 1742 1527 praeterea,

118 1560 164 1592 ut
203 1560 244 1591 et
280 1550 425 1592 fabula
464 1550 606 1606 aliqua
648 1552 738 1591 sive
777 1554 884 1592 actio
926 1560 1179 1606 exponatur.
1256 1551 1303 1592 In
1334 1550 1436 1591 Joba·
1462 1560 1600 1591 autem
1632 1550 1743 1592 libro

118 1627 277 1669 nullam
307 1630 376 1683 agi
403 1628 613 1678 fabulam,
651 1643 774 1670 nemo
806 1639 891 1680 est,
933 1631 1003 1684 qui
1034 1644 1119 1669 non
1143 1630 1305 1682 «videat.
1365 1628 1533 1668 Etenim
1563 1643 1668 1682 quae
1698 1631 1742 1669 in

117 1704 294 1760 prologo
325 1714 368 1746 et
398 1705 566 1760 epilogo
597 1706 649 1746 de
678 1706 783 1747 Jobo
812 1715 1121 1757 memorantur,
1159 1721 1242 1746 non
1272 1707 1325 1747 ad
1355 1708 1491 1760 ipsam
1523 1704 1622 1746 libri
1653 1721 1739 1747 ma-

117 1785 267 1825 teriam
290 1785 527 1838 pertinent3
555 1792 596 1823 et
625 1785 796 1824 nonnisi
820 1787 861 1823 in
886 1798 982 1825 eum
1012 1784 1140 1825 finem
1171 1785 1312 1824 addita
1340 1792 1460 1833 sunt,
1494 1794 1538 1824 ut
1559 1783 1741 1826 lectores

118 1863 170 1904 de
208 1864 346 1903 causis
383 1871 506 1916 atque
547 1871 700 1902 eventu
742 1863 1036 1916 disputationis
1080 1863 1347 1903 edoceantur.
1421 1861 1467 1902 In
1508 1863 1601 1916 ipsa
1641 1875 1740 1903 vero

118 1940 401 1995 disputatione
441 1954 576 1994 neque
615 1941 752 1995 agitur
790 1941 1049 1995 quidquam,
1107 1955 1242 1996 neque
1283 1949 1418 1981 actum
1460 1951 1740 1987 memoratum

119 2021 262 2060 omnia
290 2019 457 2068 verbis,
491 2032 573 2058 non
596 2017 718 2059 factis
746 2021 1046 2073 transiguntur.
1104 2018 1302 2067 Accedit,
1336 2019 1443 2073 quod
1474 2021 1614 2074 poesis
1646 2019 1742 2060 dra-

119 2099 295 2147 matica,
344 2094 509 2151 qualem
547 2095 722 2146 Graeci,
772 2096 951 2138 Romani
994 2106 1035 2137 et
1071 2099 1328 2138 recentiores
1359 2098 1554 2151 Europae
1593 2106 1740 2151 gentes

120 2187 373 2224 exercuere,
405 2188 429 2214 a
460 2172 623 2228 populis
654 2174 867 2215 Semiticis
898 2189 1034 2229 neque
1065 2190 1247 2230 unquam
1280 2174 1391 2216 culta
1420 2175 1572 2224 suerit,
1604 2189 1739 2228 neque

122 2254 293 2293 omnino
316 2253 462 2293 sensui
484 2251 753 2306 moribusque
784 2266 930 2293 eorum
963 2256 1212 2294 convenisse
1233 2255 1421 2304 videtur3
1453 2266 1580 2307 quare
1604 2265 1739 2306 neque

120 2329 314 2380 Arabes,
369 2329 436 2370 vel
476 2344 526 2371 eo
563 2332 658 2385 ipso
698 2337 909 2385 tempore,
959 2345 1039 2386 quo
1073 2330 1333 2372 Graecorum
1361 2330 1496 2372 literis
1526 2339 1740 2370 strenuam

121 2408 334 2449 navabant
369 2422 565 2462 operam,
618 2407 721 2450 illud
759 2414 937 2463 poeseos
974 2423 1107 2464 genus
1146 2423 1328 2464 unquam
1360 2410 1620 2450 admiserunt
1653 2407 1738 2460 66).

178 2565 254 2616 66)
296 2567 464 2605 Uberius
506 2569 774 2618 quaestionem
813 2570 912 2607 hanc
952 2574 1182 2620 persecutus
1223 2574 1284 2608 est
1325 2572 1496 2607 [zober-tus
1528 2567 1658 2603 Lowth
1698 2565 1737 2603 in

238 2635 506 2685 praelectione
535 2635 707 2689 xxxin
740 2637 788 2674 de
815 2639 930 2675 sacra
962 2636 1069 2688 poesi
1103 2637 1391 2680 Hebraeorum3
1423 2635 1459 2672 iu
1481 2635 1555 2684 qua
1583 2633 1738 2671 demon-
