1968 3095
203 217 257 255 36
826 219 920 256 Pars
951 218 982 256 1.
1046 219 1137 266 Cap.
1168 218 1221 254 11.

483 327 554 367 An
587 339 682 367 cum
715 326 869 367 servo?
908 335 952 368 at
980 335 1024 367 tu
1055 327 1183 382 digna
1211 339 1359 373 sert-03

486 404 553 445 An
587 418 682 445 cum
717 402 885 446 viliori?
926 414 968 445 at
998 414 1042 445 tu
1075 405 1205 460 digna
1237 403 1391 445 viliori.

210 493 364 535 Nonne
395 494 551 535 rectius
581 505 757 544 statuas,
790 492 1022 535 versiculos
1053 493 1150 551 illos
1182 493 1234 535 ab
1267 496 1432 534 incerto
1464 492 1644 548 quodam
1678 502 1850 535 auctore

210 573 364 612 seriori
396 581 588 627 tempore
618 586 831 623 excusos,
887 575 1062 628 regique
1094 571 1418 614 Dschodaimae
1461 572 1644 612 tributos
1687 572 1848 614 fuisse?

211 649 336 690 Haud
369 648 492 690 aliter
520 651 572 690 de
602 649 687 691 illis
719 664 887 705 quoque
916 650 1174 691 carminibus
1197 651 1492 700 statuendum,
1536 663 1643 705 quae
1665 647 1850 691 laudatis

212 727 330 768 hisce
380 727 601 769 versiculis
648 727 780 769 multo
830 730 1106 783 antiquiora,
1168 737 1208 768 et
1248 729 1300 769 ad
1343 726 1587 770 Salomonis
1625 727 1850 783 Mosisque

214 815 398 846 aetatem
439 806 699 847 adscendere
739 806 1027 862 perhibentur.
1097 804 1375 861 Nequaquam
1408 809 1521 849 enim
1560 805 1716 862 liquet,
1764 807 1848 862 qua

212 885 377 924 ratione
409 898 482 939 per
516 894 576 924 tot
609 884 848 926 seculorum
883 885 1107 924 decursum
1141 894 1305 939 praeter
1335 886 1568 940 scripturae
1597 899 1718 925 usum
1750 897 1850 925 con-

210 964 371 1004 servari
415 964 638 1017 potuerint.
707 961 901 1016 Namque
933 964 1041 1016 quod
1074 964 1125 1004 ad
1155 962 1345 1004 Arabum
1387 962 1626 1018 rhapsodos
1668 964 1844 1012 adtinet,

211 1042 282 1095 qui
316 1042 360 1080 in
393 1039 572 1094 publicis
605 1041 884 1081 conventibus
917 1039 1114 1095 populum
1159 1041 1474 1082 narrationibus
1519 1040 1734 1082 oblectare
1776 1053 1849 1081 so-

210 1116 384 1168 lebant,
437 1117 607 1159 illorum
651 1133 818 1173 quoque
863 1132 888 1158 a
929 1118 1189 1160 Graecorum
1237 1118 1462 1174 rhapsodis
1511 1120 1680 1160 diversa
1723 1119 1846 1160 ratio.

212 1195 472 1237 Graecorum
507 1195 706 1251 rhapsodi
738 1198 908 1238 nonnisi
940 1199 1129 1238 carmina
1158 1197 1418 1248 recitabant,
1465 1199 1652 1238 maxime
1682 1192 1850 1237 Home-

211 1276 321 1322 rica3
366 1284 513 1315 contra
543 1274 731 1315 Arabum
766 1274 966 1328 rhapsodi
1004 1274 1143 1315 soluta
1182 1284 1228 1314 ut
1259 1273 1486 1328 plurimum
1517 1277 1712 1315 oratione
1751 1283 1846 1315 ute—

212 1352 388 1402 bantur,
421 1352 681 1393 carminibus
713 1354 876 1403 rarius,
912 1363 953 1394 et
984 1354 1155 1393 nonnisi
1188 1354 1285 1394 data
1317 1355 1542 1394 occasione
1571 1353 1847 1393 intermixtis.

209 1428 359 1485 Neque
391 1429 588 1471 Arabum
618 1429 843 1484 rhapsodi‚
886 1430 960 1471 ubi
991 1432 1255 1472 narrationes
1296 1444 1395 1472 suas
1431 1428 1654 1472 versiculis
1695 1431 1848 1471 distin-

209 1517 402 1564 guerent,
433 1508 485 1549 ab
511 1507 605 1549 aliis
624 1507 869 1550 auctoribus
890 1507 988 1550 illos
1011 1511 1187 1550 mutuati
1211 1523 1321 1562 esse,
1355 1523 1500 1550 verum
1533 1523 1638 1564 quos
1661 1522 1716 1550 ex
1738 1518 1846 1550 tem—

211 1601 314 1642 pore
364 1586 544 1628 adflatus
593 1588 783 1642 poeticus
841 1589 945 1642 ipsis
1003 1596 1251 1643 suggereret
1273 1619 1285 1639 ‚
1326 1587 1584 1643 profudisse
1633 1588 1845 1628 videntur.

211 1664 410 1720 Denique
453 1666 525 1705 vix
566 1666 785 1720 quisquam
826 1665 998 1707 audebit
1038 1665 1290 1717 adfirmare*9
1340 1666 1574 1721 rhapsodos
1621 1664 1719 1706 illos
1753 1667 1842 1719 jam

207 1742 306 1781 inde
338 1755 363 1781 a
392 1741 534 1784 Mose'r
575 1742 645 1783 vel
678 1742 922 1784 Salomonis
953 1744 1213 1799 temporibus
1244 1746 1354 1785 inter
1381 1743 1547 1785 Arabes
1576 1744 1845 1812 obtinuissg;

211 1830 359 1860 contra
405 1822 535 1860 tutius
588 1823 839 1876 negaveris,
897 1836 989 1862 eam
1036 1825 1223 1863 maxime
1264 1832 1433 1877 propter
1480 1834 1682 1872 causam,
1731 1824 1842 1876 quod

210 1897 488 1950 rhapsodicae
519 1896 634 1938 illius
666 1901 770 1940 artis
801 1901 921 1953 origo
962 1909 1087 1953 atque
1126 1914 1224 1940 usus
1262 1900 1452 1940 altiorem
1487 1901 1723 1940 animorum
1755 1888 1844 1940 cul—

208 1983 294 2014 tum
322 1975 538 2029 requirere
562 1976 752 2025 videtur,
785 1989 906 2031 quam
933 1977 1166 2029 priscorum
1196 1975 1366 2018 illorum
1399 1986 1636 2031 temporum
1662 1974 1843 2027 Arab'es,

209 2051 343 2091 feram
374 2054 415 2092 in
449 2054 627 2093 desertis
668 2055 758 2094 suis
799 2056 924 2094 sitam
965 2055 1193 2109 degentes,
1247 2064 1497 2096 consecutos
1538 2056 1672 2097 fuisse
1703 2057 1843 2097 credi—

209 2128 292 2169 bile
324 2139 400 2170 est.

320 2278 582 2327 conscripsit,
614 2294 651 2329 p.
677 2278 756 2328 84,
789 2280 877 2317 loco
904 2281 1022 2328 ,νῆ-2,
1059 2278 1270 2332 flagitante
1302 2286 1449 2327 metro,
1482 2270 1589 2330 5533
1625 2279 1837 2332 legendum

319 2350 477 2389 censet3
510 2358 622 2395 quum
649 2346 858 2384 lectionem
891 2347 966 2384 etsi
999 2361 1073 2384 uon
1107 2348 1387 2398 improbemus,
1421 2348 1681 2399 periculosum
1706 2352 1835 2385 tumen

318 2412 609 2457 existimamus,
652 2412 800 2464 absque
834 2415 1012 2451 codicum
1046 2415 1245 2464 praesidio
1281 2416 1454 2453 metricis
1488 2420 1635 2453 tantum
1669 2413 1835 2451 rationi-

318 2477 388 2514 bus
430 2479 602 2515 carmina
633 2480 804 2518 Arabica
835 2481 1055 2518 emendare.
1123 2483 1291 2519 Constat
1322 2483 1445 2529 enim,
1495 2482 1664 2520 Arabum
1696 2488 1834 2533 poetas

314 2545 351 2580 in
385 2545 546 2582 metrica
577 2547 788 2583 carminum
821 2559 977 2583 suorum
1010 2549 1211 2584 structura
1244 2549 1346 2587 haud
1381 2563 1469 2587 raro
1494 2552 1637 2602 magna
1668 2552 1832 2590 licentia

313 2624 406 2647 usos
439 2611 585 2657 snisse3
616 2613 716 2650 adeo
741 2615 919 2663 quidem,
952 2619 993 2650 ut
1024 2614 1173 2665 ambigi
1206 2617 1356 2665 possit,
1389 2625 1514 2655 utrum
1547 2618 1595 2656 ad
1629 2618 1831 2666 librarios,

310 2690 358 2713 un
392 2678 439 2714 ud
475 2685 673 2716 auctorem
708 2681 829 2729 ipsum
864 2682 974 2717 metri
1010 2681 1105 2718 vitiu
1133 2681 1273 2719 referri
1298 2685 1489 2732 debcant,
1524 2685 1599 2723 nisi
1635 2698 1681 2723 ea
1714 2686 1827 2724 ‹tubi-

308 2743 408 2779 tutio
439 2747 617 2784 codicum
649 2748 1003 2796 manuscriptorum
1036 2751 1280 2789 auctoritate
1313 2753 1487 2791 tonatur.
