1958 2947
815 133 1062 180 Comparatio.
1551 114 1553 117 ι
1671 142 1741 177 101

124 235 362 293 intelligas,
404 240 550 294 poesin
583 238 839 281 Hebraicam
871 240 923 281 ab
953 242 1138 284 Arabica
1169 253 1211 284 et
1240 247 1476 299 argumenti
1508 253 1551 286 et
1577 249 1746 302 generis

124 317 328 357 varietate
360 319 565 372 superari.
636 316 786 372 Neque
825 320 867 359 id
909 322 1016 362 adeo
1057 324 1233 369 mirum3
1276 321 1413 363 solent
1452 325 1565 365 enim
1596 331 1743 379 poetae

122 409 353 449 praecones
384 409 503 445 esse,
533 404 578 435 ut
605 405 780 436 naturae
808 411 1034 452 rerumque
1065 409 1357 450 externarum,
1389 401 1538 454 quibus
1569 404 1741 443 circum-

120 474 286 525 dantur,
318 475 379 513 ita
399 475 524 513 etiam
543 488 758 523 sensuum,
785 475 1006 516 notionum
1030 486 1156 531 atque
1175 478 1478 530 cognitionum,
1504 494 1610 534 quae
1632 482 1742 521 inter

118 550 343 606 populares
365 565 465 591 suos
487 553 644 606 vigent.
682 552 775 592 Jam
798 565 897 593 vero
917 552 1212 593 Hebraeorum
1236 557 1430 596 notiones
1452 566 1574 612 atque
1597 560 1740 612 cogni·

118 631 256 669 tiones
287 628 538 670 arctioribus
569 628 775 670 limitibus
808 632 1150 685 circumscriptae
1181 641 1322 682 erant,
1367 647 1487 686 quam
1525 634 1735 682 Arabum;

117 720 246 761 quare
276 715 317 746 et
347 721 442 757 res,
475 722 578 762 quas
609 707 903 748 Hebraeorum
937 714 1084 763 poetae
1116 710 1354 749 tractandas
1385 711 1466 750 sibi
1497 712 1735 762 sumebant,

118 785 230 825 baud
257 785 361 824 adeo
401 785 543 824 variae
577 799 670 826 esse
713 795 928 840 poterant,
972 801 1096 841 quam
1139 800 1244 841 quae
1285 786 1336 827 ab
1369 787 1558 828 Arabum
1599 791 1734 841 poetis

117 862 376 904 carminibus
407 863 720 904 mandarentur.
771 862 961 913 Accedit,
993 865 1101 919 quod
1134 869 1311 918 poeseos
1333 864 1571 905 Hebraicae
1600 880 1734 919 pauca

115 950 274 982 tantum
296 943 555 982 monimenta
578 942 628 982 ad
654 951 799 982 nostra
820 951 1011 997 tempora
1032 944 1344 996 superaverint3
1377 942 1563 983 Arabum
1588 954 1733 984 contra

113 1020 254 1073 poesis
285 1032 480 1073 magnam
503 1026 543 1058 et
563 1029 778 1059 auctorum
821 1030 859 1060 et
891 1023 1122 1061 carminum
1158 1022 1318 1074 copiam
1351 1020 1519 1061 habeat.
1587 1020 1730 1069 Quare

110 1096 206 1138 fieri
234 1099 306 1138 vix
336 1096 495 1151 potuit,
536 1098 635 1150 quin
663 1107 705 1138 et
733 1100 969 1152 argumenti
1009 1107 1050 1138 et
1079 1100 1249 1152 generis
1277 1099 1479 1138 varietate
1510 1097 1730 1138 Hebraeo-

109 1190 202 1216 rum
234 1176 375 1229 poesis
405 1173 458 1213 ab
488 1172 673 1215 Arabica
703 1186 985 1230 superaretur.
1045 1174 1290 1215 Carminum
1322 1175 1630 1215 Hebraicorum
1664 1172 1735 1215 ar-'

110 1262 354 1310 gumentum
395 1261 439 1292 ut
475 1251 702 1306 plurimum
740 1254 783 1292 in
827 1251 1092 1293 celebrandis
1123 1254 1253 1292 divini
1292 1253 1475 1292 numinis
1514 1252 1725 1302 laudibus,

111 1332 326 1373 tradendis
355 1331 468 1370 vitae
498 1343 744 1383 morumque
780 1332 1038 1385 praeceptis,
1078 1339 1121 1370 et
1159 1328 1417 1384 deploranda
1456 1331 1611 1371 misera
1653 1345 1726 1384 po-

107 1408 195 1465 puli
215 1408 417 1449 Hebraici
446 1417 559 1448 sorte
585 1418 798 1456 versatur3
830 1411 967 1449 rarius
998 1408 1198 1448 fortitudo
1229 1407 1403 1457 bellica,
1438 1417 1478 1448 et
1509 1409 1726 1448 rarissime

108 1487 253 1527 dulces
284 1487 439 1526 amoris
468 1483 610 1535 lusus,
639 1485 870 1540 laudesque
898 1487 1149 1527 feminarum
1180 1487 1489 1540 praedicantur.
1537 1487 1594 1525 At
1623 1499 1725 1525 vero

106 1564 294 1606 Arabum
327 1566 469 1619 poesis
499 1572 664 1618 praeter
685 1566 868 1604 numinis
890 1565 1021 1604 divini
1051 1562 1198 1603 laudes
1221 1577 1465 1616 morumque
1486 1572 1721 1617 praecepta,

106 1652 271 1697 praeter
299 1644 440 1682 tristes
474 1641 685 1681 humanae
715 1645 841 1682 sortis
875 1657 1022 1691 casus,
1055 1640 1188 1690 bella,
1221 1654 1408 1690 amores,
1438 1654 1541 1694 quos
1572 1641 1720 1693 pingit,

107 1722 367 1761 diversarum
398 1718 536 1760 adbuc
560 1733 698 1760 rerum
723 1721 1048 1774 descriptiones,
1079 1720 1367 1767 narrationes,
1399 1718 1721 1772 disputationes,

104 1800 324 1854 omnisque
350 1799 519 1852 generis
543 1796 653 1837 sales
685 1805 808 1851 atque
838 1797 1011 1837 facetias
1033 1796 1222 1837 exhibet.
1279 1796 1461 1836 poeseos
1482 1794 1722 1835 Hebraicae

105 1890 180 1930 pro
209 1877 374 1916 ratione
412 1874 605 1923 illorum,
638 1888 744 1928 quae
776 1873 913 1915 adhuc
943 1884 1194 1928 supersunt,
1224 1875 1605 1921 monimentorum,
1636 1873 1720 1912 duo

105 1963 264 1994 tantum
282 1967 441 2007 genera
459 1954 695 2003 statuimus,
717 1954 895 2006 lyricum
916 1951 1114 1992 videlicet
1133 1961 1175 1991 et
1193 1951 1467 2012 didacticum,
1500 1949 1649 2005 quibus
1674 1951 1716 1989 in

106 2031 290 2071 Arabum
314 2031 432 2084 poesi
455 2039 632 2084 quatuor
655 2032 828 2084 insuper
843 2032 1070 2080 accedunt,
1104 2030 1435 2082 descriplc'vum‚
1468 2032 1716 2080 satyricum,

103 2112 393 2149 narratorcma
428 2116 553 2161 atque
585 2112 998 2162 epigrammaticum.
1072 2107 1234 2147 Verum
1274 2115 1315 2146 et
1352 2109 1393 2146 in
1426 2105 1510 2145 illis
1541 2111 1718 2158 poeseos

102 2185 352 2242 generibus,
383 2199 489 2239 quae
519 2183 707 2224 Hebraei
738 2199 830 2225 cum
865 2186 1078 2226 Arabibus
1109 2185 1347 2224 communia
1381 2183 1564 2232 babent,
1606 2181 1716 2221 haud

103 2279 248 2319 parum
281 2264 442 2304 obtinet
472 2263 742 2302 discriminis.
802 2263 968 2316 Lyrae‘ca
998 2263 1290 2303 Hebraeorum
1319 2262 1458 2315 poesis
1490 2261 1715 2300 maximam

105 2352 264 2397 partem
297 2342 464 2395 hymnis
494 2343 538 2381 in
564 2341 700 2381 Deum
733 2339 946 2395 elegisque
977 2343 1020 2381 in
1044 2342 1184 2381 tristes
1206 2338 1345 2393 populi
1368 2338 1572 2378 Hebraici
1596 2336 1717 2375 casus

105 2422 374 2467 continetur3
433 2421 619 2459 carmina
658 2418 851 2468 heroica,
905 2420 1109 2458 amatoria
1153 2418 1390 2469 neniaeque
1439 2415 1717 2469 paucissimae
1771 2428 1773 2432 ·

105 2498 334 2544 habentur;
377 2506 522 2536 contra
556 2496 770 2536 Arabibus
810 2510 962 2550 magna
1000 2497 1120 2549 copia
1160 2496 1389 2535 carminum
1433 2493 1714 2540 heroicorum,

105 2577 404 2616 amatoriorum
430 2576 746 2628 ueniat-umque.
794 2574 908 2614 Inter
927 2573 1219 2614 Hebraeorum
1247 2570 1516 2622 Arabumque
1539 2568 1716 2608 heroica

106 2657 298 2693 earmina
330 2653 369 2691 id
402 2666 564 2707 quoque
594 2652 813 2692 intercedit
843 2652 1123 2700 discriminis,
1157 2649 1263 2703 quod
1295 2650 1336 2686 in
1365 2646 1450 2685 illis
1472 2660 1553 2685 non
1578 2644 1712 2686 bomi=
