1968 3095
200 159 281 196 220
801 157 895 194 Pars
931 156 995 195 IV.
1058 157 1149 206 Cap.
1180 158 1209 192 1.

867 268 903 317 ᾖ.
944 263 1152 306 CXVIII.

316 343 660 394 praeclarorum,
709 357 816 399 quos
857 345 1209 394 memoravimus,
1252 344 1437 385 virorum
1476 344 1726 385 auctoritate
1755 345 1825 385 in-

199 424 312 464 ducti
345 432 388 463 et
420 423 700 463 recentiorum
733 421 924 463 nonnulli
968 423 1155 463 carmina
1187 421 1404 463 Hebraica
1441 423 1626 463 metricis
1656 420 1824 477 legibus

201 503 399 541 adstricta
431 514 526 541 esse
557 502 885 550 contenderunt,
917 499 1115 556 legesque
1147 499 1244 541 illas
1274 501 1325 541 ad
1356 498 1561 556 liquidum
1593 499 1823 554 perducere

200 580 337 619 conati
379 588 490 619 sunt.
560 577 605 618 ln
649 577 714 619 his
756 580 1007 633 praeprimis
1040 578 1274 629 Gomarus,
1315 578 1510 629 Har-tus,
1548 577 1753 620 Jonesim
1780 587 1824 619 et

201 656 540 698 Bellermaunus.
592 654 856 698 Franciscas
890 657 1115 707 Gomorrae,
1149 656 1397 712 Brugensis,
1430 656 1822 711 Groningaequon·

200 735 295 775 dam
329 733 573 790 theologiae
605 733 857 789 linguaeque
888 734 1128 774 Hebraicae
1168 736 1406 789 professor,
1444 735 1485 774 in
1523 731 1694 775 laudato
1731 735 1821 788 jam

197 811 370 863 libelle,
415 816 483 867 qui
517 813 760 854 inscribitur
791 811 983 853 Dave'dz's
1013 813 1132 865 lyra,
1174 827 1207 854 3.
1250 827 1361 853 nova
1390 811 1597 853 Hebraea
1629 811 1674 853 S.
1703 810 1824 854 Scri-

196 896 360 944 pturae
391 906 464 931 ars
493 896 698 947 poetica,
741 904 919 944 operoso
951 905 1077 942 sane,
1118 893 1192 932 sed
1224 890 1383 931 infelici
1421 889 1566 930 labore
1598 891 1818 931 metricum

195 966 369 1022 linguae
405 968 644 1010 Hebraicae
678 977 862 1022 systema
900 967 1106 1023 effingere
1147 980 1322 1010 conatus
1361 979 1436 1009 est.
1513 968 1559 1008 In
1592 969 1720 1022 priori
1751 983 1822 1022 sy-

197 1048 388 1086 stematis
430 1045 606 1100 hujusce
657 1057 773 1101 parte
819 1049 922 1087 certi
962 1049 1130 1101 quidam
1183 1048 1235 1087 de
1277 1046 1534 1100 syllabarum
1573 1049 1821 1102 quantitate,

199 1125 409 1178 variisque
444 1127 594 1180 pedum
628 1136 669 1166 et
696 1127 927 1165 carminum
961 1125 1187 1180 generibus
1220 1126 1439 1165 traduntur
1470 1139 1678 1176 canones,
1719 1125 1824 1167 sub-

191 1204 321 1256 jectis
366 1201 575 1258 exemplis
616 1217 639 1241 e
677 1205 798 1243 sacra
838 1202 1132 1244 Hebraeorum
1173 1205 1289 1257 poesi
1334 1204 1498 1257 petitis,
1547 1205 1821 1259 institutaque

197 1294 291 1321 cum
325 1279 586 1322 Graecorum
625 1291 666 1322 et
704 1280 989 1323 Romanorum
1030 1282 1288 1323 carminibus
1319 1280 1568 1332 collatione,
1599 1281 1819 1331 illustrati;

196 1361 403 1412 posterior
434 1361 590 1400 exinde
636 1375 731 1414 pars
763 1363 995 1401 carminum
1028 1360 1336 1400 Hebraicorum
1370 1359 1600 1399 secundum
1634 1374 1819 1402 canones

195 1438 238 1476 in
272 1439 402 1491 priori
436 1447 550 1491 parte
591 1438 766 1477 traditos
806 1437 998 1490 anatysin
1044 1438 1219 1478 exbibet
1301 1436 1437 1486 Quam
1470 1436 1697 1479 infeliciter
1732 1438 1820 1480 Go-

195 1528 337 1554 marus
366 1516 408 1554 in
442 1516 655 1555 tractanda
688 1514 980 1555 Hebraeorum
1013 1525 1101 1556 arte
1141 1517 1314 1556 metrica
1356 1525 1545 1556 versatus
1575 1518 1652 1566 sit,
1694 1517 1819 1559 fa'cile

197 1605 251 1632 ex
286 1593 369 1631 unit
401 1589 587 1630 alterave
620 1591 783 1646 legum,
824 1608 927 1648 quas
960 1596 1108 1646 tradit,
1148 1595 1413 1634 mett-icarum
1449 1595 1688 1648 perspicias.
1750 1595 1817 1637 De

195 1668 454 1723 syllabarum
488 1672 718 1723 quantitate
743 1673 853 1711 inter
884 1682 1023 1712 cetera
1048 1672 1151 1713 baec
1179 1682 1414 1713 statuuntur
1445 1682 1689 1728 praecepta:
1720 1673 1818 1717 bre-

198 1752 264 1788 υίε
293 1746 460 1801 syllaba
490 1755 580 1798 est,
624 1763 734 1803 qaae
770 1749 899 1791 habet
933 1750 1123 1800 brevem,
1164 1750 1243 1791 hoc
1273 1756 1337 1791 est
1377 1751 1586 1804 simplicis
1613 1757 1818 1807 temporie

195 1828 382 1869 vocalem
395 1843 408 1875 ;
439 1827 609 1866 vocales
632 1826 780 1868 breves
796 1842 881 1882 per
901 1843 946 1870 se
968 1830 1135 1884 quidem
1155 1835 1253 1869 sunt
1277 1833 1485 1884 quinque,
1515 1843 1597 1884 per
1617 1831 1818 1872 accidens

196 1918 298 1945 vero
320 1910 409 1944 tres
433 1903 724 1953 brevissimae,
748 1919 852 1958 qaas
872 1913 1025 1960 raptas
1045 1913 1225 1955 vocant,-
1255 1908 1387 1960 longa
1410 1907 1576 1959 syllaba
1600 1914 1681 1958 est,
1707 1923 1818 1963 qnae

196 1981 325 2022 habel
355 1982 547 2035 longam,
580 1996 654 2021 sen
686 1982 872 2036 duple'ce's
902 1988 1106 2036 temporis
1137 1984 1347 2032 vocalem,
1379 1984 1526 2037 quales
1562 1991 1660 2025 sunt
1694 1991 1816 2040 quln-

196 2073 277 2114 qne
300 2064 466 2098 tantum
479 2077 492 2108 ,·
524 2059 690 2112 syllaba
720 2060 862 2101 brevis
889 2066 1108 2114 pos-[lione
1132 2075 1216 2101 nou
1235 2060 1300 2110 fit
1326 2063 1459 2116 longa
1469 2079 1484 2111 ,·
1514 2068 1667 2103 contra
1687 2078 1814 2106 voca-

195 2139 251 2178 1ιέ
274 2139 406 2191 longa
439 2140 548 2188 (uisi
571 2144 774 2179 accentus
794 2140 1056 2192 intercedat)
1088 2146 1191 2181 aule
1219 2141 1327 2181 (luas
1359 2153 1566 2180 consonas·
1595 2147 1816 2195 positione

196 2221 388 2256 mutatur
417 2218 463 2254 in
491 2214 672 2257 brevem.
745 2215 865 2264 Quae
898 2230 1116 2273 praecepta
1148 2217 1407 2273 diligentiori
1437 2219 1472 2259 si
1506 2219 1708 2272 subjicias
1739 2235 1816 2263 ex-

195 2294 351 2342 amini,
395 2292 708 2346 deprehendes,
750 2294 978 2336 Gomarum
1021 2299 1156 2351 primo
1196 2298 1236 2337 in
1272 2311 1320 2336 eo
1352 2296 1512 2350 lapsum
1544 2310 1661 2346 esse,
1704 2299 1813 2352 quod
1869 2294 1876 2301 ⁶

200 2370 407 2411 vocalium
442 2369 747 2412 llebraicarum
787 2374 1122 2415 distributionem
1155 2376 1195 2414 in
1229 2376 1410 2428 quinque
1441 2372 1589 2429 longas
1619 2376 1812 2416 totidem-

197 2462 277 2502 que
328 2449 506 2497 breves,
561 2464 585 2488 a
624 2449 879 2492 Judaeorum
925 2455 1209 2506 grammaticis
1259 2454 1566 2506 excogitatam,
1615 2455 1814 2508 antiquae

196 2525 491 2566 Hebraeorum
524 2524 694 2580 linguae
728 2531 934 2581 propriam
969 2540 1148 2583 putaret.
1210 2530 1334 2584 Atqui
1372 2545 1493 2571 nemo
1525 2540 1609 2581 est,
1642 2532 1813 2587 linguae

198 2603 437 2644 Ilebraicae
472 2603 537 2643 vel
569 2606 835 2647 mediocriter
865 2621 1048 2661 gnarus,
1083 2610 1256 2662 quinon
1283 2610 1443 2659 videat,
1475 2609 1812 2652 distributionem

201 2679 313 2720 illam
365 2695 499 2735 neque
548 2681 719 2738 linguae
768 2685 1005 2726 llebraicae
1055 2687 1227 2740 ingenio
1278 2689 1623 2737 convenientem,
1678 2702 1814 2744 neque

1914 273 1934 290 .·
1900 238 1922 256 ’ν
1891 0 1934 213 *εμὲ-ιιι
