1979 3073
765 221 1015 268 Comparatio.
1620 223 1694 260 211

82 327 368 377 lectabantur;
401 342 529 383 quare
559 337 600 369 et
628 329 817 383 ipsorum
849 334 996 383 poetae
1022 326 1325 383 pulcherrimas
1343 340 1398 367 ex
1420 325 1534 369 illius
1553 333 1705 372 aetatis

84 409 340 461 cogitatione
357 407 568 448 deducunt
590 408 821 461 imagines3
852 405 1065 447 Arabibus
1088 420 1187 445 vero
1211 403 1271 445 nil
1296 404 1516 447 videbatur
1540 406 1703 449 beatius

75 482 289 536 paradiso
311 484 386 524 illo
408 484 600 533 coelesti,
631 485 702 539 qui
723 485 827 537 pios,
857 485 943 524 vita
967 484 1204 532 defunctos,
1239 497 1410 523 manere
1431 484 1702 533 credebat-m

81 561 193 599 unde
224 569 265 600 et
295 563 338 600 in
369 567 584 616 poetarum
614 561 893 602 Arabicorum
925 563 1117 601 oratione
1147 560 1329 614 figurata
1360 560 1702 615 frequentissima

74 638 282 692 paradisi
309 641 478 680 mentio.

789 719 828 767 ξ.
875 714 993 756 CXI.

191 792 311 834 Haec
341 794 455 844 fere,
499 795 638 835 fontes
669 795 705 835 si
736 804 923 848 spectes,
964 793 1075 833 unde
1106 790 1398 831 Hebraeorum
1432 791 1702 848 Arabumque

80 876 230 925 poetae
262 873 467 926 imagines
499 887 597 912 suas
631 871 836 920 hausere,
877 873 986 911 inter
1025 881 1221 922 utrosque
1253 869 1549 908 convenientia
1580 880 1702 923 atque

81 948 341 996 differentia3
388 951 497 1003 quod
528 951 578 990 ad
611 951 726 1003 ipsas
759 950 925 988 dicendi
959 948 1117 1002 figuras
1147 947 1332 994 adtinet,
1375 956 1538 998 praeter
1564 960 1701 999 para—

82 1024 217 1066 bolam
239 1055 251 1076 ‚
305 1027 472 1066 easdem
525 1029 738 1080 utriusque
791 1026 930 1079 populi
988 1026 1120 1079 poetis
1170 1024 1344 1063 usitatas
1392 1022 1700 1076 deprehendes.

81 1101 230 1142 Solent
274 1118 451 1157 namque
494 1114 534 1143 et
574 1103 869 1144 Hebraeorum
908 1113 948 1142 et
990 1101 1178 1141 Arabum
1222 1105 1391 1154 poetae,
1445 1102 1568 1139 sicuti
1609 1103 1700 1153 jam

80 1182 282 1220 monitum
316 1181 415 1229 fuit,
446 1181 731 1234 metaphoris,
765 1178 1184 1235 comparationibus,
1215 1182 1564 1232 prosopopoec'e's,
1596 1180 1700 1219 alle-

78 1260 302 1310 goriis-que
333 1258 674 1312 frequentissime
708 1261 781 1299 uti.
835 1259 1050 1307 Quantum
1082 1258 1123 1296 in
1156 1254 1418 1308 metaphoris
1451 1254 1700 1297 adhibendis

18 1339 21 1383 j
80 1334 188 1373 inter
219 1348 265 1373 se
296 1338 563 1376 consentiant
595 1337 895 1390 differantque,
930 1338 1019 1388 jam
1052 1349 1105 1373 ex
1137 1335 1215 1381 iis,
1253 1346 1358 1386 quae
1388 1332 1439 1371 de
1470 1333 1697 1386 imaginum

18 1402 22 1435 l
78 1413 341 1463 poeticarum
374 1413 562 1453 fontibus
593 1415 702 1454 dicta
734 1424 852 1462 sunt,
900 1412 1161 1453 sufficienter
1193 1408 1431 1462 adparebit3
1473 1410 1698 1450 videndum

20 1506 23 1533 1>
80 1489 232 1541 igitur,
273 1491 441 1543 quinam
484 1492 526 1530 in
567 1490 981 1545 comparationibus,
1021 1491 1350 1543 prosopopoec'c's
1390 1487 1699 1541 allegore‘e‘sque

21 1575 23 1608 ζ
78 1564 370 1606 Hebraeorum
403 1566 674 1622 Arabumque
706 1568 894 1608 obtineat
926 1580 1157 1605 consensus
1196 1575 1320 1618 atque
1359 1565 1588 1603 dissensus.
1652 1565 1699 1604 ln

80 1645 473 1696 comparationibus
504 1646 544 1685 id
579 1648 791 1699 utriusque
825 1643 964 1697 populi
997 1644 1131 1696 poetis
1163 1656 1400 1689 commune,
1435 1650 1477 1679 ut
1505 1640 1700 1680 similitu-

22 1727 23 1730 ’
80 1722 214 1770 dines,
247 1722 396 1775 quihus
431 1732 614 1771 utuntur,
646 1736 739 1761 raro
773 1721 943 1761 uberius
974 1719 1201 1772 explicent,
1235 1732 1377 1757 verum
1410 1732 1492 1757 uno
1513 1717 1699 1757 alterove

23 1819 24 1822 ¹
80 1800 278 1851 adjuncto
305 1800 637 1852 adquiescentes,
670 1813 799 1839 novas
831 1800 968 1852 potius
993 1783 1205 1850 proferant
1231 1794 1542 1844 similitudines,
1575 1810 1697 1849 quam

79 1874 265 1930 prolatas
294 1876 382 1927 jam
426 1878 626 1929 speciosis
658 1875 871 1915 coloribus
907 1883 1127 1915 exornent.
1186 1871 1334 1926 Neque
1365 1881 1502 1911 tamen
1536 1873 1699 1911 deside·

79 1962 226 1992 rantur
259 1954 299 1991 in
334 1954 508 2007 utraque
551 1955 668 2007 poesi
698 1955 1056 2006 comparationes,
1101 1952 1253 2005 quibus
1292 1948 1592 1990 similitudines
1624 1951 1698 1989 ad-

78 2029 238 2069 hibitae
270 2039 309 2069 et
342 2030 510 2070 uberius
542 2040 582 2069 et
604 2032 835 2083 speciosius
866 2029 1154 2083 explicantur,
1185 2031 1244 2068 ita
1275 2037 1319 2067 ut
1348 2041 1440 2067 cum
1471 2025 1698 2080 elegantis-

79 2108 197 2147 simis
228 2107 411 2146 Homerc‘
449 2114 518 2144 aut
557 2106 741 2160 Virgilii
777 2107 1159 2161 comparationibus
1190 2107 1339 2146 merito
1371 2105 1568 2156 componi
1601 2118 1697 2156 pos-

80 2184 176 2223 sint.
236 2183 283 2222 ld
316 2197 486 2237 quoque.
511 2193 596 2222 tum
631 2184 946 2233 Hebraeorum,
979 2195 1064 2224 tum
1093 2183 1280 2224 Arabum
1315 2180 1697 2234 comparationibus

82 2262 323 2315 proprium,
369 2272 411 2300 ut
446 2275 744 2314 nonnunquam
787 2275 812 2299 a
843 2276 968 2301 sensu
1004 2270 1147 2301 nostro
1186 2260 1415 2299 abhorrere
1451 2259 1696 2305 videantur3

81 2339 191 2393 quod
223 2347 360 2377 tamen
393 2340 564 2392 saepius
600 2340 641 2377 in
675 2338 891 2388 Arabum,
934 2353 1058 2392 quam
1088 2337 1383 2376 Hebraeorum
1415 2337 1698 2388 comparatio-

82 2417 206 2457 nibus
239 2415 581 2470 deprehenditur.
642 2415 765 2464 Quod
797 2418 831 2455 si
862 2429 1062 2468 quaeras,
1105 2424 1242 2453 utrum
1277 2414 1416 2463 hisce,
1457 2426 1509 2451 an
1540 2410 1624 2450 illis
1654 2413 1697 2450 in

81 2493 162 2534 hoc
189 2493 419 2548 figurarum
452 2507 606 2546 genere
639 2493 778 2546 palma
810 2496 864 2531 sit
891 2492 1143 2540 deferenda,
1174 2489 1342 2530 difficile
1368 2490 1444 2527 erit
1465 2490 1695 2540 judicium:

83 2580 196 2610 certe
227 2580 268 2610 et
296 2573 340 2610 in
362 2570 655 2610 Hebraeorum
686 2581 725 2610 et
750 2572 790 2610 in
817 2569 1030 2619 Arabum,
1064 2570 1247 2610 maxime
1273 2567 1571 2618 antiquiorum,
1605 2578 1698 2604 cat·-

85 2648 268 2688 minibus
316 2649 647 2702 appositissimas
688 2657 729 2687 et
772 2645 1074 2700 pulcherrimas
1114 2647 1306 2685 invenies
1347 2641 1695 2693 comparationes.

85 2724 272 2765 Eatenus
312 2734 451 2765 tamen
493 2724 714 2763 Hebraeos
744 2723 958 2764 Arabibus
998 2732 1210 2776 praestare
1251 2718 1438 2766 dixeris,
1489 2725 1695 2769 quatenus

1283 2801 1333 2834 ”14
1359 2802 1372 2815 '¹
