1958 2947
273 175 325 209 De
355 180 569 221 argumento
603 175 828 221 diversisque
850 175 1041 221 aencribtu
1072 176 1279 220 carminum
1307 175 1563 214 Arabicarum.
1679 180 1732 216 99

106 281 332 322 scribenda
352 283 413 321 rei
443 281 680 321 laudandae
711 281 969 335 praestantia
997 268 1233 324 versantur.
1283 283 1381 325 Huc
1411 293 1453 324 et
1482 283 1725 328 celebratis·
1749 320 1752 325 .

105 361 212 400 sima
243 358 317 400 illa
347 368 506 413 septem
538 359 748 407 carmina,
783 357 934 412 quibus
964 357 1276 401 Moallakarum
1308 375 1488 413 nomen,
1518 365 1727 417 pertinere

105 437 319 485 videntum
352 437 540 491 quamvis
562 435 614 476 ab
645 435 767 485 aliis,
800 437 986 475 maxime
1009 434 1213 489 Jonesio,
1256 439 1475 480 bucolicae
1504 443 1620 495 poesi
1653 444 1727 483 tri-

105 514 298 556 buantur.
372 515 431 556 At
466 528 566 554 vero
597 514 634 554 si
669 513 857 553 carmina
891 511 964 553 illa
998 526 1091 552 cum
1123 508 1384 556 Graecorum
1416 516 1727 559 Romanorum-

104 607 186 647 que
223 592 480 634 carminibus
512 590 716 632 bucolicis
755 591 975 640 conferas,
1019 589 1127 631 haud
1170 595 1368 647 exiguam
1407 603 1447 634 et
1476 598 1727 649 argumenti,

104 680 146 710 et
176 671 400 720 dictionis„
443 681 483 711 et
525 671 664 710 omnis
694 670 865 709 omnino
903 668 1060 710 indolis
1101 671 1724 726 diversitatem*deprehendes.

103 746 299 803 Namque
329 750 380 790 ad
412 756 706 803 argumentum
742 748 850 799 quod
883 747 1066 797 adtinet,
1111 756 1280 800 praeter
1321 745 1484 801 puellae
1514 749 1727 791 formosae

104 827 456 882 descriptionem,
487 825 678 866 Arabum
709 823 940 865 Moallakis
973 823 1077 864 nihil
1110 838 1202 864 cum
1230 823 1488 865 Graecorum
1519 825 1728 867 Romano-

102 918 279 958 rumque
311 904 570 945 carminibus
596 901 800 942 bucolicis
830 916 1071 942 commune.
1116 900 1247 942 Nulla
1275 905 1316 942 in
1341 902 1406 942 his
1430 901 1493 942 vel
1518 905 1614 957 equi
1639 903 1726 944 bel-

102 980 274 1032 latoris,
316 980 383 1022 vel
423 980 596 1029 cameli,
632 980 959 1035 longinquorum
991 981 1189 1020 itinerum
1229 982 1420 1031 comitis,
1462 980 1527 1021 vel
1558 981 1728 1023 fortitu-

103 1059 214 1098 dinis
254 1058 433 1099 bellicae
477 1060 656 1106 mentio;
704 1057 856 1113 quibus
896 1067 1035 1098 tamen
1076 1057 1204 1098 rebus
1248 1072 1372 1098 omne
1411 1057 1725 1101 Moallakarum

104 1138 343 1177 continetur
374 1147 682 1191 argumentum.
750 1134 950 1184 Accedit,
994 1136 1104 1189 quod
1145 1145 1186 1175 et
1213 1135 1523 1176 Moallakarum
1558 1138 1724 1179 dicendi

102 1227 260 1268 genus,
294 1216 392 1268 quin
423 1216 509 1254 imo
540 1216 676 1254 omnis
710 1227 853 1253 earum
880 1212 1046 1253 indoles
1077 1213 1268 1253 altiorem
1300 1212 1489 1253 redoleat
1517 1217 1723 1268 spiritum,

104 1306 227 1346 quam
258 1294 294 1333 is
328 1306 422 1332 esse
454 1291 590 1343 solet,
629 1292 700 1346 qui
741 1292 782 1330 in
829 1290 1087 1331 carminibus
1127 1289 1331 1331 bucolicis
1371 1293 1636 1345 conspicitur,
1668 1317 1722 1323 --

106 1369 208 1410 Late
239 1378 279 1410 et
309 1370 608 1426 descriptivum
643 1383 777 1424 genus
815 1370 857 1408 in
888 1367 1077 1408 Arabum
1119 1369 1237 1422 poesi
1276 1378 1447 1422 regnat3
1496 1370 1601 1410 adeo
1633 1374 1721 1425 qui-

104 1449 225 1499 dem,
277 1457 344 1497 ut,
385 1450 421 1489 si
458 1447 591 1501 lyrico
641 1450 786 1503 generi
827 1448 986 1501 primae
1026 1445 1263 1486 tribuantur
1307 1458 1470 1500 partes,
1517 1451 1724 1489 secundas

106 1528 262 1580 optimo
290 1529 387 1580 jure
419 1527 717 1580 descriptivum
757 1526 839 1566 sibi
882 1525 1081 1564 vindicet.
1139 1524 1206 1566 De
1248 1529 1438 1576 satyrico
1476 1539 1632 1579 genere
1664 1529 1724 1567 di-

105 1618 200 1645 cere
232 1619 333 1648 nou..
347 1606 531 1652 adtinet3
572 1618 752 1657 namque
783 1617 837 1642 ex
867 1603 960 1655 ipso
996 1602 1085 1653 jam
1117 1603 1288 1641 nomine
1322 1604 1425 1642 satis
1455 1602 1720 1658 intelligitur,

104 1695 310 1736 quaenam
332 1697 465 1737 genus
500 1682 603 1722 illud
627 1682 710 1722 sibi
741 1680 924 1720 vindicet
949 1680 1149 1719 carmina.
1202 1679 1267 1720 Ad
1296 1679 1558 1721 didacticum
1586 1696 1720 1736 genus
1753 1716 1756 1722 ,

105 1761 243 1800 omnis
273 1759 412 1801 ethica
442 1770 565 1814 atque
596 1760 791 1814 gnomica
810 1757 1000 1798 Arabum
1040 1759 1180 1810 poesis
1210 1757 1455 1805 referenda;
1482 1757 1563 1799 huc
1593 1763 1721 1814 perti-

57 1862 61 1866 ι
108 1847 209 1878 nent
231 1840 357 1878 etiam
380 1837 574 1892 longiora
597 1837 670 1877 illa
697 1838 909 1884 carmina,
944 1849 1047 1889 quae
1072 1836 1112 1874 in
1137 1837 1398 1889 exponendis
1420 1840 1720 1890 grammaticis,

105 1915 435 1970 philosophicis,
471 1915 734 1970 theologiciS,
762 1912 1092 1962 mathematicis,
1121 1912 1436 1965 juridicialibus
1465 1916 1721 1971 medicisque

107 1993 340 2048 disciplinis
371 2003 606 2033 versantur.
675 1992 942 2033 A'arralorio
981 1993 1125 2045 generi
1171 1993 1431 2031 accensenda
1463 2003 1561 2033 sunt
1590 1993 1721 2034 histo—

103 2073 178 2112 rici
201 2074 434 2126 argumenti
459 2073 667 2119 carmina,
701 2069 867 2109 fabulae
890 2084 1015 2123 porro
1035 2068 1348 2118 Romanenses,
1379 2069 1569 2124 aliaeque
1598 2070 1719 2111 fictae

105 2152 391 2200 narrationes,
444 2147 766 2189 celebratissimi
815 2146 879 2186 illi
932 2147 1116 2188 Ηανίνιί·
1166 2145 1431 2201 aliorumque
1480 2162 1718 2197 consessus,

106 2226 273 2282 apologi
303 2237 344 2268 et
373 2225 553 2275 similia,
582 2238 763 2279 quorum
792 2223 890 2264 licet
923 2239 1077 2280 magna
1107 2239 1202 2279 pars
1233 2223 1370 2263 soluta
1400 2227 1589 2265 oratione
1619 2240 1720 2265 con-

104 2307 258 2360 scripta
289 2307 357 2356 sit,
389 2313 545 2352 tamen,
575 2312 868 2357 argumentum
894 2303 930 2341 si
955 2312 1146 2356 spectes,
1175 2304 1292 2356 poesi
1324 2305 1473 2343 merito
1499 2303 1719 2344 tribuenda

107 2384 311 2422 videntur.
371 2383 433 2423 Ad
468 2385 861 2436 epigrammaticmn
894 2381 1073 2434 denique
1105 2381 1275 2433 poesin,
1316 2391 1479 2434 praeter
1512 2382 1599 2435 ipsa
1631 2383 1717 2433 epi-

107 2471 360 2514 grammata,
395 2461 616 2499 referenda
648 2460 910 2513 aenigmata,
957 2457 1120 2512 griphi,
1164 2457 1330 2511 aliaque
1361 2459 1403 2498 id
1432 2473 1580 2507 genus.

788 2538 826 2585 ξ.
882 2535 1041 2577 [ᾹἸΠ.

216 2616 465 2658 Memoratis
495 2614 609 2654 hisce.
641 2616 872 2665 carminum
911 2613 1141 2669 generibus
1181 2613 1317 2652 omnis
1346 2611 1536 2651 Arabum
1577 2616 1716 2667 poesis

107 2696 355 2735 continetur.
443 2692 718 2741 Quaesiveris
754 2693 921 2739 forsan,
973 2694 1040 2745 qni
1082 2692 1235 2730 factum
1280 2690 1431 2735 fuerit,
1473 2700 1513 2728 ut
1554 2693 1713 2744 epicam

1333 2772 1355 2807 7
1383 2773 1396 2788 ⁸
