1968 3095
202 198 282 238 154
792 195 887 233 Pars
915 196 987 233 111.
1048 195 1137 245 Cap.
1169 195 1221 232 11.

200 321 294 351 rum
330 307 553 362 imperium
592 318 725 360 usque
760 303 927 352 floruit3
969 306 1251 347 recentiorem
1293 314 1442 348 contra
1480 305 1682 358 dicimus,
1722 319 1831 362 quae

197 383 508 442 posterioribus
547 384 684 439 viguit
723 383 998 439 temporibus.
1068 383 1270 425 Veterem
1309 383 1428 426 illam
1457 382 1648 425 Arabum
1679 385 1829 440 poesin

196 467 239 506 in
273 464 385 504 hunc
416 462 586 503 modum
619 463 886 503 commendat
909 462 1116 503 Reiekaem
1141 466 1237 515 ⁹⁰):
1269 461 1383 513 „Illa
1415 471 1579 503 vetusta
1608 471 1673 504 est
1701 475 1831 518 gran-

198 543 289 591 dis,
320 554 501 592 sonora,
530 538 740 590 mascula,
773 538 985 589 sublimis,
1019 554 1215 591 nervosa,
1245 542 1471 595 spirituum
1503 539 1652 595 plena,
1685 541 1829 596 ignea,

196 617 416 659 hominum
439 619 592 673 quippe
611 616 866 668 liberorum,
897 620 1195 673 campestrium
1215 646 1228 668 ,
1254 620 1325 674 qui
1349 619 1564 660 dominum
1587 632 1671 659 non
1695 631 1832 674 agno-

196 696 396 746 scebant,
430 709 610 751 quorum
641 694 875 751 simplicem
906 698 1069 752 ingenii
1101 695 1365 753 subagrestis
1390 706 1432 737 et
1456 696 1689 752 αὐτοφυοῦς
1716 696 1831 737 fero-

198 776 307 815 ciam
339 773 503 816 urbana
534 778 740 816 severitas
782 788 866 815 non
905 774 1113 830 fregerat,
1152 789 1235 816 non
1277 775 1534 816 erudiverat.
1590 774 1830 816 Auctor-um

197 851 273 894 illa
303 866 476 893 suorum
520 861 593 893 aut
623 866 790 893 amores
821 854 936 894 canit
965 863 1008 894 et
1038 853 1249 905 camelos,
1293 867 1429 909 eoque
1470 854 1667 904 nomine,
1706 853 1744 893 si
1774 851 1830 893 ad

195 929 327 972 ullum
359 929 530 985 aliquod
559 944 694 986 genus
719 931 870 972 referri
899 931 1025 972 debet
1045 946 1094 972 ac
1119 941 1277 987 potest,
1307 932 1358 972 ad
1382 929 1619 972 bucolicum
1643 937 1829 986 spectat3

196 1018 269 1050 aut
300 1009 426 1048 etiam
458 1006 653 1048 bellicam
686 1007 977 1050 fortitudinem
1019 1019 1061 1050 et
1091 1025 1232 1062 arma,
1270 1019 1313 1051 et
1352 1008 1575 1051 liberalem
1607 1021 1711 1063 erga
1749 1006 1829 1047 ho-

195 1089 329 1142 spites
360 1086 597 1126 comitatem
631 1095 851 1127 auctorum
884 1086 1084 1128 celebrat.
1127 1086 1285 1129 Omnia
1305 1087 1569 1138 libertatem,
1599 1082 1827 1127 amabilem

194 1162 532 1218 simplicitatem,
563 1177 818 1218 generosum
850 1166 1065 1215 animum,
1098 1179 1227 1206 verae
1257 1165 1420 1221 gloriae
1443 1165 1693 1222 flagrantem
1716 1163 1829 1218 igni-

195 1242 302 1292 bus,
332 1243 575 1296 irarumque
599 1243 859 1297 pertinacem
878 1274 888 1293 ‚
926 1245 1111 1297 spirant,
1143 1254 1466 1299 monstrantque
1496 1242 1635 1293 clare,
1666 1243 1827 1297 primos

194 1319 273 1361 hos
303 1319 496 1370 Arabes,
538 1320 575 1360 si
618 1333 739 1361 veras
778 1318 896 1375 leges
930 1323 1034 1362 artis
1075 1325 1290 1378 poeticae,
1331 1323 1523 1378 epicique
1553 1321 1753 1362 carminis
1783 1326 1827 1359 et

193 1398 440 1453 tragoediae
465 1398 710 1448 novissent,
756 1407 873 1438 certo
914 1400 1070 1439 certius
1113 1413 1196 1439 non
1229 1399 1412 1440 futuram
1451 1399 1585 1440 fuisse
1623 1397 1702 1440 sub
1733 1395 1826 1438 sole

191 1485 389 1532 gentem,
429 1489 535 1530 quae
576 1475 674 1516 illos
716 1485 994 1530 conceptuum
1029 1476 1293 1519 sublimitate
1331 1488 1373 1519 et
1402 1477 1561 1533 eloquii
1600 1476 1824 1531 majestate

190 1557 457 1609 superaret.“
489 1579 540 1586 —
573 1553 638 1594 Ex
665 1552 783 1594 hisce
812 1555 894 1593 viri
923 1555 1158 1596 doctissimi
1187 1555 1354 1608 verbis,
1385 1556 1537 1611 quibus
1566 1554 1673 1596 nulli
1702 1552 1824 1596 dubi-

190 1641 330 1673 tamus
369 1631 598 1682 accedere,
639 1629 882 1686 intelligas,
923 1635 1154 1688 antiquiori
1192 1632 1255 1674 illi
1286 1633 1476 1674 Arabum
1515 1635 1635 1688 poesi
1673 1645 1824 1674 omnes

189 1709 281 1751 fere
326 1710 523 1759 virtutes,
582 1723 686 1765 quas
733 1710 785 1750 de
825 1709 1123 1752 Hebraeorum
1167 1713 1287 1767 poesi
1328 1711 1692 1767 praedicavimus,
1741 1710 1823 1750 etsi

190 1788 360 1829 diversa
390 1786 654 1841 aliquantum
685 1789 873 1838 ratione,
913 1792 1160 1831 convenire.
1221 1788 1347 1838 Quod
1386 1791 1423 1830 si
1462 1789 1592 1843 igitur
1631 1797 1820 1828 veterum

190 1865 363 1906 illorum
394 1867 628 1911 carminum
659 1864 840 1919 stylum,
885 1868 936 1908 de
968 1882 1050 1922 quo
1082 1867 1151 1909 hic
1180 1866 1264 1908 loci
1294 1867 1419 1908 nobis
1448 1866 1686 1922 agendum,
1727 1878 1821 1920 spe-

191 1952 378 1992 ctemus,
411 1944 545 1997 primo
576 1942 802 1984 amabilem
835 1943 974 1995 illam,
1019 1959 1142 1999 quam
1173 1946 1275 1985 dicit
1305 1945 1534 1994 Reiskiuc,
1565 1944 1822 1997 simplicita-

190 2027 275 2063 tem
305 2019 687 2074 deprehendemus.
749 2018 1021 2075 Conspicitur
1049 2030 1191 2061 autem
1223 2020 1472 2075 simplicitas
1501 2019 1577 2062 illa
1608 2030 1650 2062 et
1681 2023 1725 2062 in
1751 2035 1822 2063 ar-

190 2100 404 2154 gumenti,
459 2098 569 2153 quod
615 2099 880 2138 tractandum
922 2099 1004 2139 sibi
1043 2109 1214 2140 sumunt
1253 2099 1443 2139 Arabum
1483 2105 1658 2153 potitae,
1703 2098 1822 2141 facili

189 2177 493 2231 dispositione,
525 2184 566 2215 et
596 2176 639 2215 in
674 2175 925 2227 verborum,
965 2177 1118 2232 quibus
1149 2191 1300 2218 sensus
1330 2178 1596 2231 exprimunt,
1638 2176 1820 2232 simplici

188 2256 413 2294 structura.
474 2253 519 2293 ln
552 2267 692 2294 rerum
725 2255 1034 2295 tractandarum
1066 2256 1365 2309 dispositione,
1397 2257 1476 2296 etsi
1502 2256 1819 2297 diversissimae

189 2331 297 2379 sint,
331 2329 441 2370 haud
471 2329 602 2371 ullum
634 2333 820 2372 cernitur
847 2332 1097 2382 artificium;
1132 2335 1254 2374 sicuti
1279 2346 1467 2387 quaeque
1491 2339 1641 2386 poetae
1673 2335 1818 2376 animo

190 2421 286 2448 sese
316 2407 467 2456 offert,
509 2409 592 2456 ita,
635 2419 861 2464 praerupto
897 2410 1008 2452 haud
1050 2426 1147 2452 raro
1179 2412 1382 2460 transitu,
1426 2412 1470 2450 in
1501 2412 1687 2451 medium
1720 2425 1819 2466 pro-

189 2483 384 2526 trahitur.
445 2484 653 2539 Exempla
682 2486 814 2528 habes
846 2490 887 2528 in
921 2489 1181 2529 carminibus
1213 2487 1324 2538 illis,
1356 2502 1465 2541 quae
1495 2487 1817 2531 Moallakarun·

191 2566 365 2604 nomine
395 2564 706 2618 insigniuntur,
749 2579 925 2619 quorum
966 2577 1160 2608 auctores
1197 2567 1286 2619 jam
1317 2568 1479 2607 amicae
1517 2579 1618 2608 suae
1655 2580 1819 2609 memo·-

250 2718 321 2769 90)
358 2720 398 2757 ln
429 2720 610 2759 oratione
640 2721 688 2759 de
718 2721 850 2759 studio
882 2722 1045 2775 linguae
1077 2723 1297 2769 Arabicae,
1339 2738 1371 2774 p.
1403 2723 1495 2762 261.

1937 1171 1942 1222 ἐ
