1958 2947
261 140 314 177 De
344 146 557 188 arqumento
589 141 811 188 diversisque
839 142 1030 188 qeneribus
1060 142 1269 178 carminum
1300 141 1579 179 Hebraicorum.
1684 143 1738 181 69

190 247 445 290 Attollamus
476 264 546 290 cor
574 259 764 290 nostrum
794 264 877 290 una
903 263 997 290 cum
1029 249 1225 290 manibus
1256 249 1308 290 ad
1336 248 1473 289 Deum
1506 251 1547 290 in
1581 249 1732 299 coelis;

188 325 279 367 Nos
308 328 574 380 peccavimus
609 336 648 366 et
677 336 947 367 contumaces
979 329 1161 378 fuimus,
1192 336 1236 367 tu
1261 340 1343 367 non
1370 328 1617 369 condonasti
1644 337 1724 369 etc.

104 405 303 455 Accedit,
345 405 455 460 quod
487 404 594 444 nihil
624 406 666 445 in
699 404 884 444 carmine
916 403 996 443 hoc
1027 405 1285 457 reperiatur,
1321 407 1430 458 quod
1463 407 1514 447 ad
1546 405 1732 460 peculia-

106 497 193 523 rem
223 482 443 524 Jeremz‘ae
474 483 686 523 fortunam
719 490 898 536 spectet3
933 490 1076 521 contra
1110 484 1250 521 omnia
1281 482 1536 537 generaliter
1568 493 1728 525 tantum

104 561 313 614 descripta
339 561 448 610 sint,
483 562 541 601 ita
573 570 616 601 ut
646 560 697 600 ad
731 561 919 614 quemvis
949 558 1076 599 alium
1109 559 1287 600 adversa
1318 575 1410 600 cum
1441 561 1608 601 fortuna
1640 559 1727 601 col-

100 636 325 677 luctantem
355 639 565 691 pertinere
596 639 770 692 possint.
839 636 980 685 Quare
1023 640 1133 678 idem
1173 637 1301 687 illud,
1349 639 1456 691 quod
1499 640 1541 678 in
1583 637 1724 680 multis

102 713 304 764 Psalmis,
350 714 432 765 vl,
464 715 576 766 XII,
621 716 753 766 XIII,
796 715 960 764 XXII,
1003 713 1179 768 aliisque
1214 714 1351 755 locum
1387 714 1538 765 habet,
1580 726 1722 756 nostro

100 806 266 847 quoque
295 794 471 833 carmini
502 794 670 834 videtur
691 796 940 843 convenire,
971 806 1121 846 nempe
1153 803 1194 833 ut
1226 807 1302 833 suo
1336 796 1504 834 nomine
1538 795 1720 834 universi

100 869 241 925 populi
272 869 476 912 Hebraici
507 872 660 913 acerba
690 873 778 912 fata
809 878 932 927 poeta
962 870 1117 925 lugeat.

761 1006 799 1054 ξ.
844 1003 1044 1046 xxxv.

211 1104 395 1145 Poe‘seos
427 1104 665 1144 Hebraicae
695 1107 965 1145 monimentis
999 1104 1110 1144 haud
1150 1105 1361 1143 immerito
1403 1111 1443 1143 et
1479 1103 1716 1158 propheta-

95 1196 187 1223 rum
217 1184 375 1236 scripta
405 1183 720 1234 adjudicantur3
774 1197 954 1235 namque
989 1192 1030 1223 et
1062 1183 1367 1223 sententiarum
1400 1183 1714 1236 imaginumque

95 1262 349 1315 poeticarum
383 1258 626 1314 plenissima
654 1268 773 1309 sunt,
823 1270 864 1300 et
892 1262 1081 1300 oratione
1113 1269 1306 1308 utuntur3
1353 1273 1378 1298 a
1408 1273 1602 1300 sermone
1641 1274 1714 1313 pe-

97 1340 225 1380 destri
264 1337 521 1378 sublimitate
559 1336 838 1391 rhythmoque
879 1347 925 1378 ut
965 1337 1191 1392 plurimum
1229 1337 1411 1377 diversa.
1483 1337 1713 1377 Librorum

97 1416 439 1471 propheticorum
472 1425 717 1470 argumenta
748 1415 964 1471 sigillatim
992 1428 1189 1454 enarrare
1212 1414 1384 1470 longum
1409 1423 1545 1461 esset;
1577 1428 1713 1469 neque

93 1495 136 1535 id
168 1495 272 1535 adeo
306 1495 590 1534 necessarium
631 1494 819 1544 videtur,
873 1506 966 1534 cum
1008 1507 1154 1533 omnes
1190 1494 1367 1533 eandem
1406 1492 1494 1533 fere
1535 1501 1713 1532 tractent

94 1575 327 1613 materiam.
389 1570 579 1611 Sufficiat
607 1573 736 1625 igitur
768 1573 1002 1612 ostendisse
1033 1573 1074 1610 in
1108 1572 1375 1620 universum,
1408 1572 1448 1610 in
1474 1585 1554 1625 quo
1585 1572 1711 1624 potis-

93 1652 245 1691 simum
286 1659 531 1704 argumento
574 1648 873 1703 prophetarum
905 1650 1212 1690 Hebraicorum
1246 1657 1464 1688 versentur
1497 1649 1708 1687 vaticinia.

93 1727 186 1768 Jam
226 1729 419 1781 superius
454 1728 659 1767 monitum
698 1727 801 1778 fuit,
855 1727 1147 1768 Hebraeorum
1189 1724 1402 1779 prophetis
1441 1725 1482 1765 id
1525 1727 1709 1765 maxime

94 1807 253 1860 negotii
292 1804 555 1855 incubuisse,
607 1807 790 1846 numinis
830 1807 962 1846 divini
1003 1804 1157 1845 cultum
1200 1803 1252 1843 ab
1297 1804 1411 1842 omni
1442 1804 1728 1856 corruptione·

93 1882 255 1924 salvum
288 1892 331 1923 ut
361 1891 602 1933 servarent,
635 1898 881 1939 morumque
904 1883 1152 1938 probitatem
1176 1879 1326 1936 populo
1350 1880 1706 1920 commendarent.

93 1961 206 2002 Hinc
235 1959 360 2002 facile
391 1960 589 2015 colligas,
619 1963 661 2001 in
694 1971 868 2015 utroque
899 1961 978 2001 hoc
1008 1960 1101 2000 loco
1135 1961 1428 1999 vaticiniorum
1462 1959 1707 2013 praeprimis

93 2041 251 2080 versari
281 2048 588 2093 argumentum.
661 2039 928 2094 castigantur
959 2041 1089 2092 igitur
1121 2052 1145 2077 a
1177 2036 1416 2091 prophetis,
1463 2051 1568 2091 quae
1600 2038 1708 2076 inter

94 2116 317 2171 populares
347 2130 449 2156 suos
482 2119 744 2170 potissimum
786 2117 983 2171 vigebant
1015 2119 1138 2163 vitia3
1190 2117 1232 2155 in
1266 2114 1330 2154 his
1363 2122 1596 2154 contemtus
1630 2126 1707 2151 nu-

93 2196 222 2234 minis
262 2195 418 2244 divini,
459 2193 666 2234 idolorum
708 2193 867 2245 cultus,
913 2196 1145 2249 injustitia,
1189 2194 1375 2234 maxime
1415 2205 1515 2246 erga
1553 2203 1708 2244 egenos

94 2273 346 2327 inopesque,
395 2273 662 2326 arrogantia,
713 2271 907 2323 luxuria,
961 2273 1137 2312 avaritia
1177 2281 1219 2311 et
1259 2269 1426 2311 similia.
1498 2268 1704 2314 nocetur,

94 2364 241 2391 omnes
271 2365 392 2391 casus
423 2352 644 2401 adversos,
677 2352 746 2404 qui
777 2351 930 2406 populo
955 2350 1170 2390 Hebraico
1201 2348 1451 2396 obveniant,
1481 2345 1706 2399 impietatis

95 2443 338 2483 morumque
378 2442 671 2482 perversorum
713 2443 806 2469 esse
846 2443 1026 2483 poenas3
1074 2430 1155 2468 nisi
1194 2427 1245 2467 ad
1286 2427 1494 2466 saniorem
1538 2421 1705 2461 vivendi

94 2508 298 2546 rationem
330 2505 509 2561 populus
540 2507 706 2557 redeat,
737 2508 934 2561 graviora
963 2506 1098 2547 adhuc
1122 2505 1232 2547 mala
1253 2504 1540 2544 subsecutura.
1586 2498 1705 2545 Quae

96 2583 167 2624 ubi
205 2586 451 2625 minitantur
490 2584 747 2637 prophetae,
799 2594 1029 2638 temporum
1064 2597 1232 2624 suorum
1274 2582 1493 2621 historiam
1534 2576 1705 2623 adeunt,

99 2660 384 2717 exemplisque
423 2662 520 2702 inde
560 2664 701 2716 petitis
740 2664 909 2703 monitis
950 2662 1157 2714 minisque
1197 2661 1284 2701 suis
1328 2657 1493 2712 pondus
1536 2653 1706 2695 addunt.
