1958 2947
284 160 335 196 De
364 166 577 207 arymnemo
608 159 830 205 diversisque
857 157 1046 204 yenervibuz
1078 158 1284 193 carminum
1315 156 1592 193 Hebraicorum.
1700 156 1752 195 63

129 268 277 312 Veteri
319 267 591 309 Testamento
632 281 778 308 eorum
817 275 977 307 tantum
1017 265 1249 315 librorum,
1300 266 1372 319 qui
1412 264 1465 305 ad
1504 262 1754 319 religionem

128 347 415 403 pertinebant,
463 344 672 385 rationem
705 343 894 384 habitam
923 344 1081 394 fuisse,
1133 344 1232 398 quid
1263 342 1363 383 inde
1396 342 1612 397 sequitur?
1664 341 1753 393 Nil,

131 428 212 467 nisi
253 426 362 480 quod
408 434 452 464 et
489 423 570 476 ipsi
612 423 786 462 canonis
826 431 1018 463 auctores
1065 427 1236 463 cantico
1276 425 1540 461 canticorum
1582 435 1754 463 sensum

128 506 350 558 mysticum
386 504 527 543 inesse
566 502 777 555 putarint3
828 515 933 555 quae
968 510 1106 540 tamen
1145 499 1362 540 hominum
1403 499 1572 540 illorum
1611 501 1754 553 opinio

128 596 390 638 nequaqnam
431 582 683 621 documento
722 593 816 619 esse
859 587 1020 633 potest,
1068 580 1290 632 mysticum
1331 577 1450 618 illum
1490 592 1660 618 sensum
1699 577 1751 619 ab

127 664 219 716 ipso
253 661 452 702 carminis
486 668 658 699 auctore
700 666 932 712 spectatum
974 657 1120 697 fuisse.
1193 655 1394 706 Constat,
1442 654 1626 696 Judaeos
1663 657 1752 709 jam

125 738 255 794 longe
289 749 384 778 ante
406 737 631 778 Philonem
664 734 891 790 allegorica
923 735 1127 794 librorum
1157 749 1372 776 sacrorum
1405 736 1752 788 interpretatione

128 816 360 858 delectatos
383 816 537 862 fuisse3
573 815 685 854 haud
716 816 844 868 igitur
871 815 1133 863 mirandum,
1166 815 1202 854 si
1231 814 1405 853 canonis
1436 822 1630 853 auctores
1663 827 1755 853 eam

125 895 430 950 interpretandi
475 894 680 933 rationem
729 902 770 933 et
807 894 849 933 in
889 896 1103 934 canticum,
1151 897 1415 933 canticorum
1460 892 1753 942 transferrent,

128 987 303 1028 eamque
345 982 512 1027 propter
549 986 716 1012 causam
761 973 934 1012 carmini
977 971 1041 1011 illi
1081 970 1221 1012 locum
1260 973 1370 1012 inter
1400 985 1542 1012 sacros
1583 969 1755 1011 Veteris

128 1051 390 1092 Testamenti
433 1050 564 1091 libros
603 1051 891 1104 adsignarent.
966 1050 1019 1103 ll)
1057 1050 1226 1090 Veteris
1258 1049 1521 1090 Testamenti
1561 1058 1753 1090 auctores

126 1132 301 1171 omnino
332 1129 514 1183 figurata
545 1127 807 1168 delectantur
839 1131 1056 1181 oratione3
1109 1143 1253 1169 verum
1289 1127 1548 1183 imaginibus
1581 1129 1669 1168 suis
1701 1142 1752 1168 eo

129 1218 302 1249 utuntur
334 1209 483 1257 modo,
516 1217 560 1247 ut
590 1217 632 1247 et
663 1207 887 1260 adpareat,
921 1208 1147 1247 dictionem
1179 1222 1272 1249 esse
1300 1206 1549 1262 figuratam,
1585 1217 1625 1246 et
1655 1220 1754 1247 sen-

128 1302 201 1329 sus
241 1287 441 1341 imaginis
483 1284 549 1325 vel
591 1300 644 1326 ex
686 1287 891 1326 orationis
932 1294 1158 1337 contextu,
1213 1284 1281 1325 vel
1331 1299 1384 1325 ex
1432 1285 1525 1338 ipsa
1570 1286 1754 1324 auctoris

125 1365 470 1419 interpretatione
503 1371 656 1417 pateat.
720 1361 843 1403 Unde
875 1377 974 1404 vero
1006 1367 1047 1404 in
1074 1368 1244 1405 ccmte‘co
1272 1368 1537 1404 canticorum
1566 1364 1752 1417 adparet,

128 1445 360 1485 orationem
391 1457 484 1483 esse
508 1441 756 1497 figuratam,
790 1444 913 1494 unde,
948 1458 1125 1498 quaese,
1152 1445 1348 1497 adparet,
1382 1456 1603 1497 quemnam
1631 1440 1756 1481 altio-

128 1537 216 1563 rem
250 1536 419 1562 sensum
451 1531 597 1561 auctor
628 1522 879 1572 intenderit,
927 1537 1019 1563 cum
1052 1537 1103 1562 ne
1136 1522 1265 1562 verbo
1287 1513 1466 1576 =quidem
1498 1521 1548 1561 de
1579 1521 1756 1573 mystico

129 1602 329 1641 carminis
370 1613 496 1639 sensu
537 1598 668 1638 lector
709 1601 960 1641 moneatur?
1018 1599 1140 1649 Quod
1181 1601 1290 1640 sacri
1322 1599 1618 1639 Hebraeorum
1651 1600 1757 1638 scri-

128 1688 292 1733 ptores,
324 1679 451 1731 inque
493 1678 639 1730 primis
677 1678 928 1732 prophetae,
979 1680 1276 1718 commercium
1317 1677 1446 1727 illud,
1498 1677 1607 1731 quod
1650 1678 1756 1716 inter

128 1756 280 1796 Jovam
311 1765 352 1795 et
389 1754 592 1809 populum
627 1755 885 1797 Hebraicum
932 1756 1197 1797 intercedere
1239 1755 1514 1804 credebatur,
1557 1750 1760 1795 connubii

128 1836 312 1890 imagine
343 1847 577 1887 proponere
606 1832 796 1885 soleant,
831 1849 882 1875 ea
912 1836 1099 1890 profecto
1129 1848 1198 1874 res
1229 1848 1490 1888 nequaquam
1518 1835 1679 1888 arguit,
1709 1834 1754 1873 in

129 1917 300 1954 cantico
343 1916 608 1952 canticorum
647 1911 713 1951 vel
754 1915 938 1954 numinis
981 1914 1113 1952 divini
1154 1911 1382 1967 populique
1414 1911 1644 1962 Hebraici,
1686 1910 1755 1952 vel

130 1990 363 2032 Salvatoris
417 1988 705 2044 ecclesiaeque
756 1988 1025 2030 Christianae
1076 1998 1265 2031 mutuum
1322 2004 1508 2030 amorem
1563 1991 1751 2045 depingi.

127 2067 320 2122 Namque
362 2067 562 2107 connubii
602 2070 644 2108 in
686 2074 856 2109 cantico
895 2073 1159 2110 canticorum
1190 2067 1306 2108 nulla
1337 2069 1518 2118 menti03
1565 2070 1635 2122 qui
1664 2066 1753 2108 illic

129 2146 426 2187 describuntur
457 2159 622 2186 amores
655 2161 738 2187 non
770 2157 867 2188 sunt
898 2149 1146 2202 conjugum,
1179 2162 1324 2188 verum
1356 2145 1637 2187 adolescentis
1667 2148 1753 2186 vir-

130 2226 354 2280 ginisque3
406 2238 541 2278 neque
574 2223 888 2265 adolescentulo
919 2225 983 2266 illi
1015 2226 1184 2281 aliquod
1216 2229 1258 2267 in
1290 2227 1498 2280 virginem
1528 2226 1752 2279 imperium

128 2301 350 2351 tribuitur,
381 2303 490 2355 quod
522 2312 660 2344 tamen
691 2302 886 2353 decebat,
929 2306 963 2343 si
995 2304 1127 2344 Jovae
1159 2319 1380 2359 personam
1413 2302 1752 2344 adolescentulus

128 2380 376 2421 sustinebat.
448 2381 570 2429 Quod
611 2383 662 2422 ad
705 2384 986 2422 recentiorum
1029 2389 1246 2438 poetarum
1279 2384 1585 2430 Asiaticorum,
1626 2383 1751 2434 inque

129 2459 274 2512 primis
315 2459 606 2510 Persicorum,
655 2461 814 2501 adtinet
856 2463 1042 2501 carmina
1083 2464 1308 2512 amatoria,
1359 2462 1510 2516 quibus
1552 2460 1751 2512 mysticus

130 2535 243 2577 haud
278 2551 373 2577 raro
405 2552 555 2577 sensus
590 2540 729 2579 inesse
760 2540 947 2587 videtur,
988 2554 1036 2579 ea
1068 2550 1207 2590 certe,
1247 2555 1339 2581 cum
1371 2538 1594 2579 multorum
1626 2551 1749 2576 secu-

130 2613 266 2655 lorum
307 2615 529 2656 intervallo
571 2616 623 2657 ab
656 2617 950 2658 Hebraeorum
994 2619 1250 2659 carminibus
1288 2620 1469 2666 distent,
1521 2617 1590 2656 vix
1622 2616 1752 2656 docu-

130 2701 271 2733 mento
302 2707 395 2734 esse
426 2702 622 2749 possunt,
650 2695 819 2736 *cantici
847 2701 1110 2737 canticorum
1142 2711 1301 2750 quoque
1335 2709 1503 2735 sensnm
1529 2696 1748 2747 mysticum
