<?xml version="1.0" encoding="UTF-8"?>
<!DOCTYPE html PUBLIC "-//W3C//DTD XHTML 1.0 Transitional//EN"
    "http://www.w3.org/TR/xhtml1/DTD/xhtml1-transitional.dtd">
<html xmlns="http://www.w3.org/1999/xhtml" xml:lang="en" lang="en">
 <head>
  <title>
</title>
<meta http-equiv="Content-Type" content="text/html;charset=utf-8" />
  <meta name='ocr-system' content='tesseract 3.04.00' />
  <meta name='ocr-capabilities' content='ocr_page ocr_carea ocr_par ocr_line ocrx_word'/>
</head>
<body>
  <div class='ocr_page' id='page_1' title='image "./depoeseoshebraic00wenruoft_0241.png"; bbox 0 0 1979 3073; ppageno 0'>
   <div class='ocr_carea' id='block_1_1' title="bbox 438 168 1750 217">
    <p class='ocr_par' dir='ltr' id='par_1_1' title="bbox 438 168 1750 217">
     <span class='ocr_line' id='line_1_1' title="bbox 438 168 1750 217; baseline -0.001 -11"><span class='ocrx_word' id='word_1_1' title='bbox 438 169 491 208; x_wconf 84' lang='lat' dir='ltr'>De</span> <span class='ocrx_word' id='word_1_2' title='bbox 520 170 672 208; x_wconf 76' lang='lat' dir='ltr'>eoeternd</span> <span class='ocrx_word' id='word_1_3' title='bbox 711 170 917 207; x_wconf 83' lang='lat' dir='ltr'><em>carminum</em></span> <span class='ocrx_word' id='word_1_4' title='bbox 947 168 1216 206; x_wconf 82' lang='lat' dir='ltr'>Hebraicorum</span> <span class='ocrx_word' id='word_1_5' title='bbox 1245 169 1381 217; x_wconf 58' lang='lat' dir='ltr'>formai.</span> <span class='ocrx_word' id='word_1_6' title='bbox 1669 169 1750 206; x_wconf 85' lang='lat'>229</span> 
     </span>
    </p>
   </div>
   <div class='ocr_carea' id='block_1_2' title="bbox 114 274 1752 1566">
    <p class='ocr_par' dir='ltr' id='par_1_2' title="bbox 114 274 1752 1566">
     <span class='ocr_line' id='line_1_2' title="bbox 131 274 1751 332; baseline -0.001 -14"><span class='ocrx_word' id='word_1_7' title='bbox 131 278 174 319; x_wconf 90' lang='lat' dir='ltr'>in</span> <span class='ocrx_word' id='word_1_8' title='bbox 206 277 463 320; x_wconf 76' lang='lat' dir='ltr'>carminibus</span> <span class='ocrx_word' id='word_1_9' title='bbox 502 279 589 319; x_wconf 84' lang='lat' dir='ltr'>suis</span> <span class='ocrx_word' id='word_1_10' title='bbox 625 279 742 332; x_wconf 81' lang='lat' dir='ltr'>justo</span> <span class='ocrx_word' id='word_1_11' title='bbox 786 293 885 320; x_wconf 85' lang='lat' dir='ltr'>usos</span> <span class='ocrx_word' id='word_1_12' title='bbox 926 277 1060 319; x_wconf 86' lang='lat' dir='ltr'>fuisse</span> <span class='ocrx_word' id='word_1_13' title='bbox 1100 287 1248 318; x_wconf 90' lang='lat' dir='ltr'>metro.</span> <span class='ocrx_word' id='word_1_14' title='bbox 1316 274 1372 317; x_wconf 91' lang='lat' dir='ltr'>At</span> <span class='ocrx_word' id='word_1_15' title='bbox 1412 289 1512 316; x_wconf 87' lang='lat' dir='ltr'>vero</span> <span class='ocrx_word' id='word_1_16' title='bbox 1552 291 1751 331; x_wconf 84' lang='lat' dir='ltr'><strong>perquam</strong></span> 
     </span>
     <span class='ocr_line' id='line_1_3' title="bbox 127 355 1752 412; baseline -0.002 -15"><span class='ocrx_word' id='word_1_17' title='bbox 127 355 358 397; x_wconf 89' lang='lat' dir='ltr'>verisimile</span> <span class='ocrx_word' id='word_1_18' title='bbox 388 363 476 406; x_wconf 86' lang='lat' dir='ltr'>est,</span> <span class='ocrx_word' id='word_1_19' title='bbox 518 369 655 409; x_wconf 90' lang='lat' dir='ltr'>neque</span> <span class='ocrx_word' id='word_1_20' title='bbox 694 359 809 412; x_wconf 87' lang='lat' dir='ltr'>ipsos</span> <span class='ocrx_word' id='word_1_21' title='bbox 841 355 1033 397; x_wconf 85' lang='lat' dir='ltr'>Arabum</span> <span class='ocrx_word' id='word_1_22' title='bbox 1066 361 1213 410; x_wconf 72' lang='lat' dir='ltr'>poetas</span> <span class='ocrx_word' id='word_1_23' title='bbox 1251 355 1557 409; x_wconf 82' lang='lat' dir='ltr'>antiquissimis</span> <span class='ocrx_word' id='word_1_24' title='bbox 1587 364 1752 409; x_wconf 88' lang='lat' dir='ltr'>tempo-</span> 
     </span>
     <span class='ocr_line' id='line_1_4' title="bbox 124 432 1751 489; baseline -0.002 -14"><span class='ocrx_word' id='word_1_25' title='bbox 124 434 242 475; x_wconf 84' lang='lat' dir='ltr'>ribus</span> <span class='ocrx_word' id='word_1_26' title='bbox 275 444 410 475; x_wconf 88' lang='lat' dir='ltr'>metro</span> <span class='ocrx_word' id='word_1_27' title='bbox 451 447 549 474; x_wconf 88' lang='lat' dir='ltr'>usos</span> <span class='ocrx_word' id='word_1_28' title='bbox 590 434 745 482; x_wconf 81' lang='lat' dir='ltr'>fuisse3</span> <span class='ocrx_word' id='word_1_29' title='bbox 791 435 834 474; x_wconf 92' lang='lat' dir='ltr'>id</span> <span class='ocrx_word' id='word_1_30' title='bbox 877 435 988 489; x_wconf 94' lang='lat' dir='ltr'>quod</span> <span class='ocrx_word' id='word_1_31' title='bbox 1024 443 1070 474; x_wconf 86' lang='lat' dir='ltr'>et</span> <span class='ocrx_word' id='word_1_32' title='bbox 1100 433 1370 485; x_wconf 75' lang='lat' dir='ltr'>Assafadz‘us</span> <span class='ocrx_word' id='word_1_33' title='bbox 1406 433 1449 472; x_wconf 91' lang='lat' dir='ltr'>in</span> <span class='ocrx_word' id='word_1_34' title='bbox 1489 432 1751 486; x_wconf 74' lang='lat' dir='ltr'>praefatione</span> 
     </span>
     <span class='ocr_line' id='line_1_5' title="bbox 123 509 1750 566; baseline -0.001 -14"><span class='ocrx_word' id='word_1_35' title='bbox 123 512 175 553; x_wconf 88' lang='lat' dir='ltr'>ad</span> <span class='ocrx_word' id='word_1_36' title='bbox 209 527 310 554; x_wconf 87' lang='lat' dir='ltr'>suos</span> <span class='ocrx_word' id='word_1_37' title='bbox 339 515 382 553; x_wconf 87' lang='lat' dir='ltr'>in</span> <span class='ocrx_word' id='word_1_38' title='bbox 408 511 969 566; x_wconf 64' lang='lat' dir='ltr'>Lamzjjat-ul-Adsckam</span> <span class='ocrx_word' id='word_1_39' title='bbox 995 513 1344 562; x_wconf 72' lang='lat' dir='ltr'>commentarios,</span> <span class='ocrx_word' id='word_1_40' title='bbox 1376 524 1454 550; x_wconf 88' lang='lat' dir='ltr'>nec</span> <span class='ocrx_word' id='word_1_41' title='bbox 1477 525 1560 551; x_wconf 90' lang='lat' dir='ltr'>non</span> <span class='ocrx_word' id='word_1_42' title='bbox 1584 509 1750 551; x_wconf 76' lang='lat' dir='ltr'>Dsche—</span> 
     </span>
     <span class='ocr_line' id='line_1_6' title="bbox 121 578 1747 644; baseline -0.003 -13"><span class='ocrx_word' id='word_1_43' title='bbox 121 591 371 632; x_wconf 70' lang='lat' dir='ltr'>laluddimcs</span> <span class='ocrx_word' id='word_1_44' title='bbox 411 578 454 631; x_wconf 85' lang='lat' dir='ltr'>in</span> <span class='ocrx_word' id='word_1_45' title='bbox 495 589 607 630; x_wconf 90' lang='lat' dir='ltr'>libro</span> <span class='ocrx_word' id='word_1_46' title='bbox 637 589 896 642; x_wconf 76' lang='lat' dir='ltr'>AImezlmr,</span> <span class='ocrx_word' id='word_1_47' title='bbox 938 605 1028 644; x_wconf 87' lang='lat' dir='ltr'>cap.</span> <span class='ocrx_word' id='word_1_48' title='bbox 1060 593 1138 638; x_wconf 85' lang='lat'>49,</span> <span class='ocrx_word' id='word_1_49' title='bbox 1178 598 1352 630; x_wconf 87' lang='lat' dir='ltr'>testatur</span> <span class='ocrx_word' id='word_1_50' title='bbox 1380 588 1487 642; x_wconf 84' lang='lat'><strong>¹⁰⁵).</strong></span> <span class='ocrx_word' id='word_1_51' title='bbox 1557 585 1747 638; x_wconf 81' lang='lat' dir='ltr'>Accedit,</span> 
     </span>
     <span class='ocr_line' id='line_1_7' title="bbox 122 666 1746 722; baseline -0.002 -14"><span class='ocrx_word' id='word_1_52' title='bbox 122 668 233 721; x_wconf 90' lang='lat' dir='ltr'>quod</span> <span class='ocrx_word' id='word_1_53' title='bbox 271 669 314 708; x_wconf 89' lang='lat' dir='ltr'>in</span> <span class='ocrx_word' id='word_1_54' title='bbox 359 668 555 709; x_wconf 89' lang='lat' dir='ltr'>versibus</span> <span class='ocrx_word' id='word_1_55' title='bbox 587 669 810 709; x_wconf 78' lang='lat' dir='ltr'>metiendis</span> <span class='ocrx_word' id='word_1_56' title='bbox 850 678 891 709; x_wconf 88' lang='lat' dir='ltr'>et</span> <span class='ocrx_word' id='word_1_57' title='bbox 919 667 1219 717; x_wconf 60' lang='lat' dir='ltr'>Narrationis,</span> <span class='ocrx_word' id='word_1_58' title='bbox 1262 681 1386 722; x_wconf 89' lang='lat' dir='ltr'>quam</span> <span class='ocrx_word' id='word_1_59' title='bbox 1429 667 1598 715; x_wconf 86' lang='lat' dir='ltr'>dicunt,</span> <span class='ocrx_word' id='word_1_60' title='bbox 1639 666 1746 705; x_wconf 85' lang='lat' dir='ltr'>ratio</span> 
     </span>
     <span class='ocr_line' id='line_1_8' title="bbox 120 744 1745 801; baseline 0 -17"><span class='ocrx_word' id='word_1_61' title='bbox 120 744 349 798; x_wconf 83' lang='lat' dir='ltr'>habeatur,</span> <span class='ocrx_word' id='word_1_62' title='bbox 393 761 500 801; x_wconf 89' lang='lat' dir='ltr'>quae</span> <span class='ocrx_word' id='word_1_63' title='bbox 531 756 669 786; x_wconf 89' lang='lat' dir='ltr'>tamen</span> <span class='ocrx_word' id='word_1_64' title='bbox 701 761 726 786; x_wconf 89' lang='lat' dir='ltr'>a</span> <span class='ocrx_word' id='word_1_65' title='bbox 755 747 929 787; x_wconf 88' lang='lat' dir='ltr'>serioris</span> <span class='ocrx_word' id='word_1_66' title='bbox 967 747 1061 786; x_wconf 89' lang='lat' dir='ltr'>aevi</span> <span class='ocrx_word' id='word_1_67' title='bbox 1097 746 1385 800; x_wconf 79' lang='lat' dir='ltr'>grammaticis</span> <span class='ocrx_word' id='word_1_68' title='bbox 1422 747 1595 785; x_wconf 78' lang='lat' dir='ltr'>inventa</span> <span class='ocrx_word' id='word_1_69' title='bbox 1631 753 1672 784; x_wconf 89' lang='lat' dir='ltr'>et</span> <span class='ocrx_word' id='word_1_70' title='bbox 1701 745 1745 784; x_wconf 92' lang='lat' dir='ltr'>in</span> 
     </span>
     <span class='ocr_line' id='line_1_9' title="bbox 119 822 1746 878; baseline 0 -16"><span class='ocrx_word' id='word_1_71' title='bbox 119 822 420 864; x_wconf 87' lang='lat' dir='ltr'>vocabulorum</span> <span class='ocrx_word' id='word_1_72' title='bbox 451 826 794 878; x_wconf 86' lang='lat' dir='ltr'>pronuntiatione</span> <span class='ocrx_word' id='word_1_73' title='bbox 825 823 1014 864; x_wconf 84' lang='lat' dir='ltr'>adhibita</span> <span class='ocrx_word' id='word_1_74' title='bbox 1045 832 1108 864; x_wconf 89' lang='lat' dir='ltr'>est</span> <span class='ocrx_word' id='word_1_75' title='bbox 1142 824 1250 876; x_wconf 70' lang='lat'><strong>1⁰⁶).</strong></span> <span class='ocrx_word' id='word_1_76' title='bbox 1311 822 1444 863; x_wconf 86' lang='lat' dir='ltr'>Porro</span> <span class='ocrx_word' id='word_1_77' title='bbox 1478 824 1560 862; x_wconf 89' lang='lat' dir='ltr'>etsi</span> <span class='ocrx_word' id='word_1_78' title='bbox 1592 837 1746 876; x_wconf 84' lang='lat' dir='ltr'>magna</span> 
     </span>
     <span class='ocr_line' id='line_1_10' title="bbox 119 901 1745 957; baseline 0 -17"><span class='ocrx_word' id='word_1_79' title='bbox 119 902 291 942; x_wconf 88' lang='lat' dir='ltr'>omnino</span> <span class='ocrx_word' id='word_1_80' title='bbox 320 903 431 943; x_wconf 89' lang='lat' dir='ltr'>inter</span> <span class='ocrx_word' id='word_1_81' title='bbox 451 902 746 943; x_wconf 83' lang='lat' dir='ltr'>Hebraeorum</span> <span class='ocrx_word' id='word_1_82' title='bbox 768 901 1053 957; x_wconf 87' lang='lat' dir='ltr'>Arabumque</span> <span class='ocrx_word' id='word_1_83' title='bbox 1072 901 1262 955; x_wconf 85' lang='lat' dir='ltr'>linguam</span> <span class='ocrx_word' id='word_1_84' title='bbox 1289 911 1413 955; x_wconf 90' lang='lat' dir='ltr'>atque</span> <span class='ocrx_word' id='word_1_85' title='bbox 1438 901 1584 955; x_wconf 75' lang='lat' dir='ltr'>poesin</span> <span class='ocrx_word' id='word_1_86' title='bbox 1613 902 1745 940; x_wconf 87' lang='lat' dir='ltr'>inter-</span> 
     </span>
     <span class='ocr_line' id='line_1_11' title="bbox 119 978 1743 1034; baseline 0.001 -16"><span class='ocrx_word' id='word_1_87' title='bbox 119 979 240 1019; x_wconf 86' lang='lat' dir='ltr'>cedat</span> <span class='ocrx_word' id='word_1_88' title='bbox 271 982 492 1034; x_wconf 83' lang='lat' dir='ltr'>cognatio,</span> <span class='ocrx_word' id='word_1_89' title='bbox 525 990 662 1021; x_wconf 88' lang='lat' dir='ltr'>tamen</span> <span class='ocrx_word' id='word_1_90' title='bbox 696 982 737 1020; x_wconf 90' lang='lat' dir='ltr'>in</span> <span class='ocrx_word' id='word_1_91' title='bbox 772 978 987 1020; x_wconf 88' lang='lat' dir='ltr'>nonnullis</span> <span class='ocrx_word' id='word_1_92' title='bbox 1018 981 1143 1020; x_wconf 85' lang='lat' dir='ltr'>etiam</span> <span class='ocrx_word' id='word_1_93' title='bbox 1173 981 1283 1019; x_wconf 87' lang='lat' dir='ltr'>inter</span> <span class='ocrx_word' id='word_1_94' title='bbox 1307 994 1354 1019; x_wconf 90' lang='lat' dir='ltr'>se</span> <span class='ocrx_word' id='word_1_95' title='bbox 1378 979 1600 1026; x_wconf 81' lang='lat' dir='ltr'>differunt3</span> <span class='ocrx_word' id='word_1_96' title='bbox 1634 979 1743 1033; x_wconf 91' lang='lat' dir='ltr'>quod</span> 
     </span>
     <span class='ocr_line' id='line_1_12' title="bbox 116 1055 1741 1114; baseline 0.001 -19"><span class='ocrx_word' id='word_1_97' title='bbox 116 1057 161 1095; x_wconf 93' lang='lat' dir='ltr'>in</span> <span class='ocrx_word' id='word_1_98' title='bbox 203 1057 331 1098; x_wconf 87' lang='lat' dir='ltr'>rebus</span> <span class='ocrx_word' id='word_1_99' title='bbox 371 1061 586 1114; x_wconf 85' lang='lat' dir='ltr'>cognatis,</span> <span class='ocrx_word' id='word_1_100' title='bbox 639 1073 774 1114; x_wconf 92' lang='lat' dir='ltr'>neque</span> <span class='ocrx_word' id='word_1_101' title='bbox 817 1067 956 1098; x_wconf 86' lang='lat' dir='ltr'>tamen</span> <span class='ocrx_word' id='word_1_102' title='bbox 998 1058 1173 1106; x_wconf 84' lang='lat' dir='ltr'>iisdem,</span> <span class='ocrx_word' id='word_1_103' title='bbox 1219 1071 1384 1111; x_wconf 87' lang='lat' dir='ltr'>semper</span> <span class='ocrx_word' id='word_1_104' title='bbox 1433 1055 1525 1096; x_wconf 89' lang='lat' dir='ltr'>fieri</span> <span class='ocrx_word' id='word_1_105' title='bbox 1572 1056 1741 1097; x_wconf 87' lang='lat' dir='ltr'>assolet.</span> 
     </span>
     <span class='ocr_line' id='line_1_13' title="bbox 118 1132 1743 1191; baseline 0 -17"><span class='ocrx_word' id='word_1_106' title='bbox 118 1132 395 1177; x_wconf 73' lang='lat' dir='ltr'>Notissimum</span> <span class='ocrx_word' id='word_1_107' title='bbox 428 1147 503 1186; x_wconf 85' lang='lat' dir='ltr'>est,</span> <span class='ocrx_word' id='word_1_108' title='bbox 535 1137 721 1178; x_wconf 84' lang='lat' dir='ltr'>Arabum</span> <span class='ocrx_word' id='word_1_109' title='bbox 754 1143 902 1191; x_wconf 75' lang='lat' dir='ltr'>poetas</span> <span class='ocrx_word' id='word_1_110' title='bbox 934 1138 975 1176; x_wconf 92' lang='lat' dir='ltr'>in</span> <span class='ocrx_word' id='word_1_111' title='bbox 1004 1135 1261 1176; x_wconf 84' lang='lat' dir='ltr'>carminibus</span> <span class='ocrx_word' id='word_1_112' title='bbox 1292 1137 1379 1175; x_wconf 87' lang='lat' dir='ltr'>suis</span> <span class='ocrx_word' id='word_1_113' title='bbox 1403 1133 1743 1175; x_wconf 85' lang='lat' dir='ltr'>homoeoteleuta</span> 
     </span>
     <span class='ocr_line' id='line_1_14' title="bbox 117 1212 1738 1268; baseline 0.002 -17"><span class='ocrx_word' id='word_1_114' title='bbox 117 1212 343 1262; x_wconf 87' lang='lat' dir='ltr'>adhibere,</span> <span class='ocrx_word' id='word_1_115' title='bbox 394 1228 500 1268; x_wconf 88' lang='lat' dir='ltr'>quae</span> <span class='ocrx_word' id='word_1_116' title='bbox 541 1223 680 1255; x_wconf 90' lang='lat' dir='ltr'>tamen</span> <span class='ocrx_word' id='word_1_117' title='bbox 723 1214 774 1254; x_wconf 84' lang='lat' dir='ltr'>ab</span> <span class='ocrx_word' id='word_1_118' title='bbox 820 1215 1114 1255; x_wconf 90' lang='lat' dir='ltr'>Hebraeorum</span> <span class='ocrx_word' id='word_1_119' title='bbox 1155 1213 1413 1254; x_wconf 85' lang='lat' dir='ltr'>carminibus</span> <span class='ocrx_word' id='word_1_120' title='bbox 1458 1212 1530 1252; x_wconf 71' lang='lat' dir='ltr'>vel&#39;</span> <span class='ocrx_word' id='word_1_121' title='bbox 1565 1215 1738 1254; x_wconf 89' lang='lat' dir='ltr'>omnino</span> 
     </span>
     <span class='ocr_line' id='line_1_15' title="bbox 114 1290 1736 1348; baseline 0.002 -19"><span class='ocrx_word' id='word_1_122' title='bbox 114 1290 291 1342; x_wconf 85' lang='lat' dir='ltr'>desunt,</span> <span class='ocrx_word' id='word_1_123' title='bbox 333 1291 423 1341; x_wconf 76' lang='lat' dir='ltr'>vel,</span> <span class='ocrx_word' id='word_1_124' title='bbox 465 1294 501 1332; x_wconf 87' lang='lat' dir='ltr'>si</span> <span class='ocrx_word' id='word_1_125' title='bbox 532 1293 766 1343; x_wconf 85' lang='lat' dir='ltr'>adfuerint,</span> <span class='ocrx_word' id='word_1_126' title='bbox 812 1308 910 1333; x_wconf 87' lang='lat' dir='ltr'>casu</span> <span class='ocrx_word' id='word_1_127' title='bbox 943 1295 1105 1348; x_wconf 85' lang='lat' dir='ltr'>potius,</span> <span class='ocrx_word' id='word_1_128' title='bbox 1147 1306 1270 1347; x_wconf 85' lang='lat' dir='ltr'>quam</span> <span class='ocrx_word' id='word_1_129' title='bbox 1303 1290 1484 1332; x_wconf 88' lang='lat' dir='ltr'>consilio</span> <span class='ocrx_word' id='word_1_130' title='bbox 1516 1294 1736 1346; x_wconf 82' lang='lat' dir='ltr'>irrepsisse</span> 
     </span>
     <span class='ocr_line' id='line_1_16' title="bbox 115 1365 1735 1426; baseline 0.002 -19"><span class='ocrx_word' id='word_1_131' title='bbox 115 1369 322 1409; x_wconf 85' lang='lat' dir='ltr'>videntur.</span> <span class='ocrx_word' id='word_1_132' title='bbox 404 1365 546 1418; x_wconf 78' lang='lat' dir='ltr'>Quare</span> <span class='ocrx_word' id='word_1_133' title='bbox 588 1385 805 1426; x_wconf 87' lang='lat' dir='ltr'>perperam</span> <span class='ocrx_word' id='word_1_134' title='bbox 845 1372 1028 1420; x_wconf 85' lang='lat' dir='ltr'>faciunt,</span> <span class='ocrx_word' id='word_1_135' title='bbox 1082 1372 1151 1425; x_wconf 92' lang='lat' dir='ltr'>qui</span> <span class='ocrx_word' id='word_1_136' title='bbox 1191 1385 1243 1410; x_wconf 88' lang='lat' dir='ltr'>ex</span> <span class='ocrx_word' id='word_1_137' title='bbox 1288 1370 1462 1411; x_wconf 63' lang='lat' dir='ltr'>metrica</span> <span class='ocrx_word' id='word_1_138' title='bbox 1504 1372 1735 1411; x_wconf 84' lang='lat' dir='ltr'>carminum</span> 
     </span>
     <span class='ocr_line' id='line_1_17' title="bbox 114 1445 1736 1505; baseline 0.002 -20"><span class='ocrx_word' id='word_1_139' title='bbox 114 1445 394 1488; x_wconf 86' lang='lat' dir='ltr'>Arabicorum</span> <span class='ocrx_word' id='word_1_140' title='bbox 417 1445 637 1489; x_wconf 47' lang='lat' dir='ltr'>*structura</span> <span class='ocrx_word' id='word_1_141' title='bbox 675 1449 902 1505; x_wconf 85' lang='lat' dir='ltr'>colligunt,</span> <span class='ocrx_word' id='word_1_142' title='bbox 944 1449 1241 1491; x_wconf 86' lang='lat' dir='ltr'>Hebraeorum</span> <span class='ocrx_word' id='word_1_143' title='bbox 1271 1461 1436 1504; x_wconf 90' lang='lat' dir='ltr'>quoque</span> <span class='ocrx_word' id='word_1_144' title='bbox 1469 1450 1617 1503; x_wconf 76' lang='lat' dir='ltr'>poesin</span> <span class='ocrx_word' id='word_1_145' title='bbox 1653 1463 1736 1489; x_wconf 88' lang='lat' dir='ltr'>me-</span> 
     </span>
     <span class='ocr_line' id='line_1_18' title="bbox 114 1524 436 1566; baseline 0.003 -3"><span class='ocrx_word' id='word_1_146' title='bbox 114 1525 260 1564; x_wconf 84' lang='lat' dir='ltr'>tricam</span> <span class='ocrx_word' id='word_1_147' title='bbox 292 1524 436 1566; x_wconf 77' lang='lat' dir='ltr'>fuisse.</span> 
     </span>
    </p>
   </div>
   <div class='ocr_carea' id='block_1_3' title="bbox 107 1625 1760 2228">
    <p class='ocr_par' dir='ltr' id='par_1_3' title="bbox 777 1625 1066 1679">
     <span class='ocr_line' id='line_1_19' title="bbox 777 1625 1066 1679; baseline -0.003 -11"><span class='ocrx_word' id='word_1_148' title='bbox 777 1630 814 1679; x_wconf 58' lang='grc' dir='ltr'>ᾖ.</span> <span class='ocrx_word' id='word_1_149' title='bbox 857 1625 1066 1668; x_wconf 87' lang='lat' dir='ltr'><strong>CXXIV.</strong></span> 
     </span>
    </p>

    <p class='ocr_par' dir='ltr' id='par_1_4' title="bbox 107 1703 1760 2228">
     <span class='ocr_line' id='line_1_20' title="bbox 225 1703 1732 1760; baseline 0 -16"><span class='ocrx_word' id='word_1_150' title='bbox 225 1704 455 1758; x_wconf 86' lang='lat' dir='ltr'>Superest,</span> <span class='ocrx_word' id='word_1_151' title='bbox 484 1714 530 1745; x_wconf 90' lang='lat' dir='ltr'>ut</span> <span class='ocrx_word' id='word_1_152' title='bbox 558 1703 726 1745; x_wconf 91' lang='lat' dir='ltr'>illorum</span> <span class='ocrx_word' id='word_1_153' title='bbox 758 1706 1063 1759; x_wconf 89' lang='lat' dir='ltr'>perpendamus</span> <span class='ocrx_word' id='word_1_154' title='bbox 1094 1707 1371 1755; x_wconf 89' lang='lat' dir='ltr'>sententiam,</span> <span class='ocrx_word' id='word_1_155' title='bbox 1412 1706 1481 1760; x_wconf 91' lang='lat' dir='ltr'>qui</span> <span class='ocrx_word' id='word_1_156' title='bbox 1512 1704 1732 1746; x_wconf 88' lang='lat' dir='ltr'>Hebraeo-</span> 
     </span>
     <span class='ocr_line' id='line_1_21' title="bbox 111 1782 1732 1835; baseline 0.001 -13"><span class='ocrx_word' id='word_1_157' title='bbox 111 1795 203 1822; x_wconf 83' lang='lat' dir='ltr'>rum</span> <span class='ocrx_word' id='word_1_158' title='bbox 235 1783 448 1834; x_wconf 88' lang='lat' dir='ltr'>carmina,</span> <span class='ocrx_word' id='word_1_159' title='bbox 474 1784 682 1835; x_wconf 85' lang='lat' dir='ltr'>justorum</span> <span class='ocrx_word' id='word_1_160' title='bbox 716 1793 942 1824; x_wconf 90' lang='lat' dir='ltr'>metrorum</span> <span class='ocrx_word' id='word_1_161' title='bbox 975 1782 1155 1824; x_wconf 88' lang='lat' dir='ltr'>vinculis</span> <span class='ocrx_word' id='word_1_162' title='bbox 1184 1785 1405 1833; x_wconf 83' lang='lat' dir='ltr'>destituta,</span> <span class='ocrx_word' id='word_1_163' title='bbox 1438 1782 1629 1824; x_wconf 88' lang='lat' dir='ltr'>liberiori</span> <span class='ocrx_word' id='word_1_164' title='bbox 1655 1782 1732 1824; x_wconf 85' lang='lat' dir='ltr'>ali-</span> 
     </span>
     <span class='ocr_line' id='line_1_22' title="bbox 112 1860 1732 1914; baseline 0.001 -15"><span class='ocrx_word' id='word_1_165' title='bbox 112 1874 194 1914; x_wconf 90' lang='lat' dir='ltr'>quo</span> <span class='ocrx_word' id='word_1_166' title='bbox 227 1874 428 1911; x_wconf 88' lang='lat' dir='ltr'>numero,</span> <span class='ocrx_word' id='word_1_167' title='bbox 472 1862 562 1901; x_wconf 83' lang='lat' dir='ltr'>sive</span> <span class='ocrx_word' id='word_1_168' title='bbox 600 1860 796 1914; x_wconf 80' lang='lat' dir='ltr'>rhythmo</span> <span class='ocrx_word' id='word_1_169' title='bbox 837 1862 939 1902; x_wconf 85' lang='lat' dir='ltr'>ferri</span> <span class='ocrx_word' id='word_1_170' title='bbox 976 1863 1234 1902; x_wconf 86' lang='lat' dir='ltr'>existimant.</span> <span class='ocrx_word' id='word_1_171' title='bbox 1296 1860 1416 1909; x_wconf 80' lang='lat' dir='ltr'>Quae</span> <span class='ocrx_word' id='word_1_172' title='bbox 1448 1863 1660 1902; x_wconf 85' lang='lat' dir='ltr'>sententia</span> <span class='ocrx_word' id='word_1_173' title='bbox 1689 1869 1732 1901; x_wconf 84' lang='lat' dir='ltr'>et</span> 
     </span>
     <span class='ocr_line' id='line_1_23' title="bbox 109 1937 1760 1994; baseline 0.002 -17"><span class='ocrx_word' id='word_1_174' title='bbox 109 1937 365 1978; x_wconf 81' lang='lat' dir='ltr'>Judaeorum</span> <span class='ocrx_word' id='word_1_175' title='bbox 410 1937 653 1978; x_wconf 86' lang='lat' dir='ltr'>doctoribus</span> <span class='ocrx_word' id='word_1_176' title='bbox 700 1954 822 1994; x_wconf 89' lang='lat' dir='ltr'>quam</span> <span class='ocrx_word' id='word_1_177' title='bbox 869 1938 1084 1994; x_wconf 87' lang='lat' dir='ltr'>plurimis,</span> <span class='ocrx_word' id='word_1_178' title='bbox 1136 1949 1178 1980; x_wconf 89' lang='lat' dir='ltr'>et</span> <span class='ocrx_word' id='word_1_179' title='bbox 1219 1949 1388 1979; x_wconf 88' lang='lat' dir='ltr'>nostrae</span> <span class='ocrx_word' id='word_1_180' title='bbox 1432 1941 1580 1980; x_wconf 84' lang='lat' dir='ltr'>aetatis</span> <span class='ocrx_word' id='word_1_181' title='bbox 1627 1940 1760 1980; x_wconf 65' lang='lat' dir='ltr'>viris»</span> 
     </span>
     <span class='ocr_line' id='line_1_24' title="bbox 109 2014 1728 2072; baseline 0.001 -16"><span class='ocrx_word' id='word_1_182' title='bbox 109 2017 284 2057; x_wconf 88' lang='lat' dir='ltr'>eruditis</span> <span class='ocrx_word' id='word_1_183' title='bbox 323 2017 508 2056; x_wconf 88' lang='lat' dir='ltr'>maxime</span> <span class='ocrx_word' id='word_1_184' title='bbox 548 2015 764 2070; x_wconf 82' lang='lat' dir='ltr'>probatur.</span> <span class='ocrx_word' id='word_1_185' title='bbox 832 2014 982 2071; x_wconf 84' lang='lat' dir='ltr'>Neque</span> <span class='ocrx_word' id='word_1_186' title='bbox 1024 2019 1064 2058; x_wconf 89' lang='lat' dir='ltr'>id</span> <span class='ocrx_word' id='word_1_187' title='bbox 1103 2019 1338 2069; x_wconf 85' lang='lat' dir='ltr'>immerit03</span> <span class='ocrx_word' id='word_1_188' title='bbox 1377 2018 1578 2072; x_wconf 86' lang='lat' dir='ltr'>quidquid</span> <span class='ocrx_word' id='word_1_189' title='bbox 1617 2019 1728 2057; x_wconf 89' lang='lat' dir='ltr'>enim</span> 
     </span>
     <span class='ocr_line' id='line_1_25' title="bbox 107 2094 1729 2150; baseline 0.001 -16"><span class='ocrx_word' id='word_1_190' title='bbox 107 2096 298 2143; x_wconf 87' lang='lat' dir='ltr'>coneris,</span> <span class='ocrx_word' id='word_1_191' title='bbox 340 2102 412 2133; x_wconf 87' lang='lat' dir='ltr'>aut</span> <span class='ocrx_word' id='word_1_192' title='bbox 442 2108 689 2149; x_wconf 88' lang='lat' dir='ltr'>quocunque</span> <span class='ocrx_word' id='word_1_193' title='bbox 719 2095 845 2135; x_wconf 89' lang='lat' dir='ltr'>modo</span> <span class='ocrx_word' id='word_1_194' title='bbox 876 2109 964 2135; x_wconf 87' lang='lat' dir='ltr'>rem</span> <span class='ocrx_word' id='word_1_195' title='bbox 996 2097 1282 2150; x_wconf 85' lang='lat' dir='ltr'>adgrediaris‚</span> <span class='ocrx_word' id='word_1_196' title='bbox 1321 2097 1390 2136; x_wconf 83' lang='lat' dir='ltr'>vix</span> <span class='ocrx_word' id='word_1_197' title='bbox 1423 2094 1591 2150; x_wconf 84' lang='lat' dir='ltr'>aliquod</span> <span class='ocrx_word' id='word_1_198' title='bbox 1622 2097 1729 2149; x_wconf 87' lang='lat' dir='ltr'>justi</span> 
     </span>
     <span class='ocr_line' id='line_1_26' title="bbox 107 2171 1727 2228; baseline 0.002 -16"><span class='ocrx_word' id='word_1_199' title='bbox 107 2173 230 2212; x_wconf 85' lang='lat' dir='ltr'>metri</span> <span class='ocrx_word' id='word_1_200' title='bbox 255 2185 393 2226; x_wconf 88' lang='lat' dir='ltr'>genus</span> <span class='ocrx_word' id='word_1_201' title='bbox 423 2173 466 2212; x_wconf 93' lang='lat' dir='ltr'>in</span> <span class='ocrx_word' id='word_1_202' title='bbox 497 2171 789 2212; x_wconf 87' lang='lat' dir='ltr'>Hebraeorum</span> <span class='ocrx_word' id='word_1_203' title='bbox 822 2175 938 2226; x_wconf 74' lang='lat' dir='ltr'>poesi</span> <span class='ocrx_word' id='word_1_204' title='bbox 969 2174 1282 2228; x_wconf 88' lang='lat' dir='ltr'>deprehendes;</span> <span class='ocrx_word' id='word_1_205' title='bbox 1315 2183 1459 2213; x_wconf 88' lang='lat' dir='ltr'>contra</span> <span class='ocrx_word' id='word_1_206' title='bbox 1491 2188 1590 2214; x_wconf 84' lang='lat' dir='ltr'>vero</span> <span class='ocrx_word' id='word_1_207' title='bbox 1622 2189 1727 2228; x_wconf 90' lang='lat' dir='ltr'>quo-</span> 
     </span>
    </p>
   </div>
   <div class='ocr_carea' id='block_1_4' title="bbox 108 2249 1726 2304">
    <p class='ocr_par' dir='ltr' id='par_1_5' title="bbox 108 2249 1726 2304">
     <span class='ocr_line' id='line_1_27' title="bbox 108 2249 1726 2304; baseline 0.001 -15"><span class='ocrx_word' id='word_1_208' title='bbox 108 2263 270 2304; x_wconf 89' lang='lat' dir='ltr'>cunque</span> <span class='ocrx_word' id='word_1_209' title='bbox 308 2251 349 2289; x_wconf 92' lang='lat' dir='ltr'>in</span> <span class='ocrx_word' id='word_1_210' title='bbox 381 2249 640 2291; x_wconf 87' lang='lat' dir='ltr'>carminibus</span> <span class='ocrx_word' id='word_1_211' title='bbox 671 2249 896 2291; x_wconf 87' lang='lat' dir='ltr'>Hebraicis</span> <span class='ocrx_word' id='word_1_212' title='bbox 927 2250 1092 2293; x_wconf 89' lang='lat' dir='ltr'>oculum</span> <span class='ocrx_word' id='word_1_213' title='bbox 1124 2262 1368 2302; x_wconf 88' lang='lat' dir='ltr'>convertas,</span> <span class='ocrx_word' id='word_1_214' title='bbox 1409 2250 1521 2292; x_wconf 83' lang='lat' dir='ltr'>ultro</span> <span class='ocrx_word' id='word_1_215' title='bbox 1551 2250 1726 2292; x_wconf 87' lang='lat' dir='ltr'>liberior</span> 
     </span>
    </p>
   </div>
   <div class='ocr_carea' id='block_1_5' title="bbox 166 2426 1725 2748">
    <p class='ocr_par' dir='ltr' id='par_1_6' title="bbox 166 2426 1725 2546">
     <span class='ocr_line' id='line_1_28' title="bbox 166 2426 1725 2480; baseline 0.001 -15"><span class='ocrx_word' id='word_1_216' title='bbox 166 2426 265 2478; x_wconf 81' lang='lat'>105)</span> <span class='ocrx_word' id='word_1_217' title='bbox 297 2429 503 2480; x_wconf 86' lang='lat' dir='ltr'>Specimen</span> <span class='ocrx_word' id='word_1_218' title='bbox 531 2429 724 2469; x_wconf 86' lang='lat' dir='ltr'>historiae</span> <span class='ocrx_word' id='word_1_219' title='bbox 742 2431 910 2469; x_wconf 82' lang='lat' dir='ltr'>Arabum</span> <span class='ocrx_word' id='word_1_220' title='bbox 934 2436 1096 2469; x_wconf 85' lang='lat' dir='ltr'>auctore</span> <span class='ocrx_word' id='word_1_221' title='bbox 1118 2433 1187 2470; x_wconf 88' lang='lat' dir='ltr'>Ed.</span> <span class='ocrx_word' id='word_1_222' title='bbox 1211 2433 1431 2479; x_wconf 83' lang='lat' dir='ltr'>Pocockio‚</span> <span class='ocrx_word' id='word_1_223' title='bbox 1453 2444 1502 2468; x_wconf 85' lang='lat' dir='ltr'>ex</span> <span class='ocrx_word' id='word_1_224' title='bbox 1523 2431 1618 2468; x_wconf 89' lang='lat' dir='ltr'>edit.</span> <span class='ocrx_word' id='word_1_225' title='bbox 1639 2432 1725 2468; x_wconf 75' lang='lat' dir='ltr'>Jos.</span> 
     </span>
     <span class='ocr_line' id='line_1_29' title="bbox 219 2496 561 2546; baseline 0 -13"><span class='ocrx_word' id='word_1_226' title='bbox 219 2496 376 2543; x_wconf 86' lang='lat' dir='ltr'>White,</span> <span class='ocrx_word' id='word_1_227' title='bbox 392 2510 444 2546; x_wconf 52' lang='lat' dir='ltr'>vp.</span> <span class='ocrx_word' id='word_1_228' title='bbox 469 2496 561 2534; x_wconf 78' lang='lat'><strong>166.</strong></span> 
     </span>
    </p>

    <p class='ocr_par' dir='ltr' id='par_1_7' title="bbox 166 2561 1722 2748">
     <span class='ocr_line' id='line_1_30' title="bbox 166 2561 1722 2615; baseline 0.001 -15"><span class='ocrx_word' id='word_1_229' title='bbox 166 2561 264 2612; x_wconf 83' lang='lat'>106)</span> <span class='ocrx_word' id='word_1_230' title='bbox 295 2564 391 2601; x_wconf 76' lang='lat' dir='ltr'>vide</span> <span class='ocrx_word' id='word_1_231' title='bbox 416 2564 645 2602; x_wconf 85' lang='lat' dir='ltr'>Eichhornii</span> <span class='ocrx_word' id='word_1_232' title='bbox 677 2566 714 2602; x_wconf 90' lang='lat' dir='ltr'>in</span> <span class='ocrx_word' id='word_1_233' title='bbox 735 2565 889 2602; x_wconf 78' lang='lat' dir='ltr'>Jonesii</span> <span class='ocrx_word' id='word_1_234' title='bbox 914 2566 1215 2603; x_wconf 81' lang='lat' dir='ltr'>commentarios</span> <span class='ocrx_word' id='word_1_235' title='bbox 1248 2567 1295 2604; x_wconf 90' lang='lat' dir='ltr'>de</span> <span class='ocrx_word' id='word_1_236' title='bbox 1319 2566 1426 2615; x_wconf 70' lang='lat' dir='ltr'>poesi</span> <span class='ocrx_word' id='word_1_237' title='bbox 1453 2564 1631 2602; x_wconf 69' lang='lat' dir='ltr'>Asiatica</span> <span class='ocrx_word' id='word_1_238' title='bbox 1656 2564 1722 2601; x_wconf 83' lang='lat' dir='ltr'>ub-</span> 
     </span>
     <span class='ocr_line' id='line_1_31' title="bbox 219 2630 1722 2683; baseline 0 -17"><span class='ocrx_word' id='word_1_239' title='bbox 219 2631 480 2676; x_wconf 72' lang='lat' dir='ltr'>sei-vationes,</span> <span class='ocrx_word' id='word_1_240' title='bbox 515 2645 550 2681; x_wconf 83' lang='lat' dir='ltr'>p.</span> <span class='ocrx_word' id='word_1_241' title='bbox 574 2630 642 2670; x_wconf 82' lang='lat'>61.</span> <span class='ocrx_word' id='word_1_242' title='bbox 673 2633 805 2670; x_wconf 76' lang='lat' dir='ltr'>Jalmii</span> <span class='ocrx_word' id='word_1_243' title='bbox 831 2634 1043 2671; x_wconf 82' lang='lat' dir='ltr'>Grammat.</span> <span class='ocrx_word' id='word_1_244' title='bbox 1066 2633 1183 2671; x_wconf 85' lang='lat' dir='ltr'>Arab.</span> <span class='ocrx_word' id='word_1_245' title='bbox 1209 2633 1375 2683; x_wconf 77' lang='lat' dir='ltr'>praefat.</span> <span class='ocrx_word' id='word_1_246' title='bbox 1410 2647 1442 2682; x_wconf 86' lang='lat' dir='ltr'>p.</span> <span class='ocrx_word' id='word_1_247' title='bbox 1467 2632 1568 2673; x_wconf 72' lang='grc' dir='ltr'>ΧΠ,</span> <span class='ocrx_word' id='word_1_248' title='bbox 1590 2632 1722 2671; x_wconf 48' lang='lat' dir='ltr'>xvim</span> 
     </span>
     <span class='ocr_line' id='line_1_32' title="bbox 221 2696 519 2748; baseline 0 -14"><span class='ocrx_word' id='word_1_249' title='bbox 221 2709 306 2747; x_wconf 81' lang='lat' dir='ltr'>cap.</span> <span class='ocrx_word' id='word_1_250' title='bbox 332 2697 360 2743; x_wconf 86' lang='grc' dir='ltr'>Ι,</span> <span class='ocrx_word' id='word_1_251' title='bbox 392 2712 428 2748; x_wconf 84' lang='lat' dir='ltr'>p.</span> <span class='ocrx_word' id='word_1_252' title='bbox 458 2696 519 2734; x_wconf 88' lang='lat' dir='ltr'>ll.</span> 
     </span>
    </p>
   </div>
  </div>
 </body>
</html>
