1968 3095
199 192 254 229 44
823 190 916 227 Pars
947 189 975 226 1.
1037 189 1129 238 Cap.
1161 189 1215 226 11.

201 314 375 341 necesse
407 309 498 350 est,
548 306 594 338 ut
632 301 816 353 poeseos
853 296 1064 339 Arabicae
1105 298 1294 353 origines
1331 310 1418 338 uno
1459 294 1612 338 saltem
1650 295 1838 339 alterove

201 377 346 421 seculo
378 377 503 419 altius
533 384 799 431 repetantur3
831 390 926 418 cum
956 375 1071 418 haud
1100 374 1333 417 verisimile
1363 377 1440 426 sit,
1466 377 1557 430 jam
1582 376 1720 431 prima
1750 385 1840 418 ten—

203 459 363 499 tamina
393 456 560 511 poetica
589 464 733 496 tantae
757 454 891 497 fuisse
921 455 1217 511 perfectionis,
1249 461 1446 510 quantam
1476 454 1520 494 iu
1548 454 1736 496 carmine
1765 452 1841 496 illo

203 538 371 592 saepius
401 543 634 576 memorato
664 535 963 590 conspicimus.

894 659 933 708 ς.
968 655 1135 698 xvm.

313 745 506 792 Definito
532 747 646 800 jam,
688 747 827 802 quoad
858 744 953 787 fieri
983 748 1143 801 potuit,
1185 754 1397 800 tempore,
1440 759 1523 801 quo
1555 746 1696 802 poesis
1723 746 1835 802 apud

201 827 369 872 Arabes
397 827 565 868 initium
596 826 800 866 sumsisse
824 825 1012 876 videtur,
1043 825 1381 880 dispiciendum,
1413 823 1667 880 quibusnam
1700 826 1840 867 causis

203 909 257 950 ad
286 909 456 950 divinae
487 903 604 946 illius
635 906 738 946 artis
769 905 952 946 studium
984 903 1152 946 Arabes
1183 904 1360 944 excitati
1391 902 1562 946 fuerint.
1621 902 1736 945 Inter
1767 918 1841 945 va-

203 985 290 1028 rias
319 996 496 1034 causas,
540 983 693 1038 quibus
724 983 777 1024 ad
808 988 988 1038 poeseos
1021 983 1209 1025 studium
1239 981 1405 1023 Arabes
1437 980 1597 1037 impelli
1628 991 1839 1037 poterant,

203 1063 386 1118 primum
418 1059 557 1102 locum
588 1061 792 1117 gravibus
820 1061 907 1104 illis
937 1062 1124 1104 motibus
1155 1061 1402 1110 tribuerim,
1441 1061 1512 1114 qui
1542 1060 1642 1101 inde
1672 1075 1698 1102 a
1728 1059 1842 1103 cele-

202 1150 390 1192 berrima
418 1148 496 1191 illa
525 1150 715 1206 epocha,
759 1152 825 1192 cui
857 1166 1010 1193 nomen
1044 1141 1136 1205 0²35
1171 1144 1288 1198 «ΜΨ,
1322 1150 1350 1191 i.
1375 1163 1409 1191 e.
1439 1148 1671 1190 inundatio
1702 1164 1843 1207 agge-

204 1244 318 1281 rum,
363 1230 474 1270 inter
512 1228 678 1271 Arabes
714 1228 852 1272 locum
894 1229 1099 1271 habuere.
1169 1227 1365 1270 Tradunt
1401 1227 1591 1268 Arabum
1633 1226 1842 1281 historici,

205 1306 445 1364 complures
477 1307 611 1349 tribus
641 1307 867 1350 Jemanam
897 1307 1132 1349 incolentes
1162 1308 1452 1347 imminentem
1485 1310 1668 1360 aggeris
1689 1305 1843 1350 Mare-

204 1386 372 1437 bemis,
404 1400 486 1440 quo
516 1387 724 1428 immensa
757 1401 960 1442 aquarum
992 1388 1056 1427 vis
1086 1384 1404 1441 continebatur,
1434 1385 1598 1424 ruinam
1628 1387 1841 1438 timentes,

203 1463 345 1506 natale
375 1463 513 1506 solum
538 1465 803 1516 deseruisse,
835 1467 962 1520 inque
988 1463 1095 1513 alias
1122 1474 1279 1513 terras,
1311 1463 1498 1503 maxime
1522 1462 1839 1516 Hedsckazwm,

201 1557 249 1584 se
280 1542 526 1584 contulisse.
587 1543 673 1585 Sed
704 1545 859 1585 rectius
891 1557 984 1585 cum
1019 1541 1183 1584 clariss.
1216 1541 1270 1583 de
1301 1539 1416 1594 Sacy
1442 1544 1510 1594 ⁴⁷)
1542 1551 1724 1593 statuas,
1763 1545 1842 1585 tri-

202 1621 280 1663 bus
312 1620 408 1662 illas
440 1623 662 1678 imperium
693 1637 842 1678 regum
874 1621 1210 1675 Hemjaritarum
1245 1620 1549 1675 adspernantes
1580 1631 1730 1677 sponte
1761 1624 1839 1664 sua

205 1715 228 1741 e
260 1702 374 1741 terra
406 1702 542 1755 patria
572 1703 833 1756 emigrasse3
887 1701 928 1741 id
960 1701 1070 1756 quod
1113 1708 1313 1754 vergente
1351 1698 1404 1739 ad
1442 1697 1572 1741 finem
1613 1699 1759 1742 seculo
1798 1715 1840 1758 p.

205 1778 307 1821 Chr.
341 1793 380 1822 n.
421 1780 608 1821 secundo
648 1782 806 1822 evenit.
877 1778 1041 1820 Relicta
1071 1779 1210 1832 patria
1245 1777 1382 1818 tribus
1422 1775 1547 1829 illae,
1594 1779 1706 1820 inter
1736 1794 1839 1836 quas

206 1858 404 1900 Azditae
435 1859 618 1904 maxime
644 1860 856 1908 eminent,
890 1857 1044 1898 vallem
1066 1856 1184 1897 Bam
1202 1856 1332 1905 inor,
1364 1855 1476 1896 haud
1501 1855 1646 1910 procul
1666 1857 1839 1908 Meccc‘ae,

204 1937 348 1977 sedem
380 1934 615 1990 elegerunt.
690 1933 851 1975 Verum
891 1947 984 1974 cum
1014 1933 1133 1974 locus
1166 1934 1425 1975 advenarum
1460 1933 1718 1976 multitudini
1752 1950 1836 1978 non

206 2013 446 2063 sufficeret,
499 2012 655 2054 factum
687 2021 778 2064 est,
834 2022 881 2053 ut
925 2025 1079 2067 magna
1119 2026 1216 2066 pars
1256 2025 1388 2052 novas
1429 2013 1554 2054 sedes
1595 2023 1838 2068 quaereret;

206 2106 382 2148 quorum
415 2090 489 2132 alii
519 2090 801 2142 Jatlzrebam,
832 2094 922 2132 sive
944 2091 1194 2140 ssledzMam,
1228 2088 1301 2130 alii
1331 2090 1558 2142 Omanam,
1591 2090 1663 2132 alii
1688 2091 1839 2146 Syriae

206 2170 340 2220 fines,
375 2169 447 2210 alii
479 2171 659 2225 denique
690 2170 960 2225 Eetplcralem
992 2170 1214 2222 petierunt.
1276 2168 1359 2218 Qui
1391 2168 1558 2223 Syriam
1588 2179 1712 2226 atque
1742 2170 1839 2215 Eu-

203 2249 406 2304 phratem
438 2251 670 2304 petierant,
707 2250 934 2291 Gassuuae
966 2248 1191 2303 Hz'raeque
1224 2262 1356 2304 regna
1386 2249 1678 2290 condiderunt.
1730 2248 1840 2291 Cum

211 2329 402 2382 utrique,
453 2337 493 2367 et
536 2328 799 2369 Gassanidae
841 2338 883 2368 et
922 2327 1155 2378 IIirenSeS,
1204 2327 1412 2382 frequenti
1451 2339 1544 2366 cum
1586 2325 1839 2370 cultioribus

210 2405 391 2461 populis,
424 2405 558 2458 Syris,
593 2406 733 2447 Persis
755 2405 1061 2461 Romanisque,
1097 2415 1311 2446 uterentur
1335 2405 1604 2454 commercio,
1636 2403 1728 2446 fieri
1753 2420 1838 2448 non

213 2486 362 2540 potuit,
395 2485 494 2539 quin
518 2495 558 2526 et
581 2487 658 2539 ipsi
683 2486 818 2540 magis
838 2487 1056 2539 magisque
1082 2486 1122 2526 in
1153 2484 1245 2525 dies
1275 2481 1585 2524 excolerentur.
1650 2484 1839 2527 Maxime

271 2666 343 2714 47)
378 2666 588 2703 Msemoires
620 2666 667 2702 dc
697 2665 859 2702 litis-rut.
893 2666 939 2702 de
973 2665 1225 2704 l'Acudemic
1257 2665 1391 2714 royale
1425 2666 1493 2703 des
1526 2664 1704 2715 inscript.
1746 2669 1838 2704 tom.

329 2734 516 2777 xmnu
551 2748 586 2784 ρ.
611 2732 692 2770 517
717 2746 826 2783 sequ.
1332 2724 1335 2732 “
