1968 3095
205 157 259 194 74
817 157 909 195 Pars
939 157 991 194 11.
1055 157 1144 207 Cap.
1175 158 1204 194 1.

861 268 898 317 ᾖ.
938 266 1160 309 XXXIX.

313 365 381 408 Ad
408 364 582 419 lyricam
616 368 792 421 poesin,
823 376 864 409 et
895 368 1061 423 quidem
1093 368 1144 409 ad
1175 368 1427 408 eroticorum
1462 371 1696 409 carminum
1726 383 1823 423 spe-

202 447 333 494 ciem,
364 443 725 498 elegantissimum
750 444 855 487 illud
878 450 1091 487 cauticum
1116 450 1380 487 canticorum
1405 447 1688 487 referendum.
1734 447 1825 488 Etsi

202 524 387 564 eroticae
424 521 719 564 Hebraeorum
763 530 940 578 poeseos
985 525 1241 565 unicum-id
1282 526 1464 579 supersit
1504 526 1824 576 monimentum,

202 601 314 642 haud
346 610 487 642 tamen
520 600 820 652 dubitandum,
859 602 962 644 illud
994 608 1174 658 poeseos
1204 616 1338 657 genus
1366 601 1578 643 Hebraeis
1609 611 1826 658 acceptum

201 690 243 722 et
265 679 481 721 excultum
512 680 658 721 fuisse.
720 679 920 730 Constat,
953 695 1153 734 sponsam
1185 682 1295 735 apud
1327 680 1551 722 Hebraeos
1582 689 1709 721 cantu
1737 695 1828 722 mu-

201 761 372 813 sicoque
404 757 498 799 lusu
528 759 571 797 in
604 759 748 812 sponsi
778 759 947 799 domum
973 759 1194 799 deductam
1218 759 1350 800 fuisse
1376 760 1466 812 ⁶⁴);
1499 760 1580 814 qua
1605 760 1828 800 occasione

202 847 314 878 certe
356 845 398 877 et
439 838 643 876 amatoria
684 838 873 877 carmina
911 837 1201 879 cantabantur.
1271 835 1429 879 Notum
1465 846 1529 878 est
1567 851 1620 878 ex
1652 838 1830 879 Jesaiae

203 930 292 970 cap.
318 915 373 963 V,
406 919 484 967 12,
519 914 693 966 XXlV,
727 920 774 965 8,
807 919 857 966 9,
899 916 950 955 ad
982 915 1201 970 epularum
1231 917 1385 971 gaudia
1415 924 1583 956 cantum
1618 915 1830 956 citharae-

203 1008 283 1049 que
314 1002 356 1033 et
383 994 581 1034 tibiarum
612 993 750 1035 lusum
782 994 1015 1035 adhibitum
1049 995 1203 1043 fuisse3
1236 1003 1277 1035 at
1306 1008 1406 1035 vero
1438 995 1649 1050 quodnam
1679 995 1830 1034 carmi-

205 1087 302 1112 num
335 1086 470 1127 genus
501 1073 767 1126 potatoribus
799 1075 1026 1113 convenire
1057 1075 1192 1128 magis
1231 1074 1388 1128 potuit,
1430 1086 1554 1127 quam
1583 1071 1831 1113 Anacreon-

203 1151 356 1200 ticum,
401 1150 513 1205 quod
546 1151 633 1190 vini
674 1160 714 1191 et
744 1157 936 1191 amorum
976 1153 1132 1206 gaudia
1173 1150 1438 1193 celebraret?
1490 1149 1594 1192 Inde
1636 1148 1830 1205 colligas,

203 1228 314 1268 haud
357 1229 542 1269 defuisse
583 1227 796 1270 Hebraeis
836 1232 1023 1270 carmina
1064 1232 1291 1279 amatoria,
1349 1244 1523 1284 quorum
1566 1231 1735 1283 jactura
1780 1241 1832 1268 eo

203 1309 340 1362 magis
381 1305 592 1356 dolenda,
646 1320 730 1361 quo
772 1310 907 1362 magis
947 1312 1117 1350 unicum
1158 1307 1260 1349 illud
1309 1309 1493 1348 eroticae
1533 1306 1828 1347 Hebraeorum

202 1392 381 1441 poeseos
412 1393 625 1439 superstes
657 1385 959 1426 monimentum
992 1395 1033 1426 et
1062 1387 1287 1427 affectuum
1319 1386 1491 1436 ardore,
1524 1393 1565 1424 et
1595 1385 1831 1438 imaginum

203 1463 427 1519 splendore
457 1477 551 1504 sese
582 1465 862 1505 commendat.
925 1463 990 1505 Ad
1016 1467 1217 1506 eroticam
1249 1466 1400 1520 poesin
1427 1473 1593 1518 praeter
1621 1463 1836 1503 canticum

206 1545 466 1584 canticorum
508 1551 549 1582 et
586 1540 773 1597 psalmus
814 1541 944 1584 XLV
985 1557 1008 1583 a
1040 1543 1257 1585 nonnullis
1295 1543 1489 1584 refertur.
1558 1539 1606 1581 In
1639 1539 1705 1581 his
1737 1540 1831 1581 Ru-

206 1622 437 1676 ‹ling-erus,
475 1620 654 1662 Grotius
685 1620 866 1676 aliique,
911 1624 980 1676 qui
1009 1621 1223 1663 laudatum
1257 1620 1463 1676 psalmum
1496 1617 1827 1674 epithalamium,

207 1700 431 1742 Salomoni
459 1701 635 1755 ejusque
669 1702 817 1750 uxori,
856 1700 1104 1742 Pharaonis
1134 1700 1273 1752 filiae,
1317 1701 1528 1749 dicatum,
1567 1699 1825 1739 existimant.

206 1778 369 1820 Verum
401 1779 438 1819 si
468 1779 562 1833 quis
594 1777 800 1832 psalmum
823 1777 940 1820 illum
964 1781 1201 1820 accuratius
1224 1778 1447 1833 relegerit,
1477 1775 1687 1832 intelliget
1708 1777 1827 1825 sane,

205 1871 469 1911 nequaquam
500 1870 594 1897 esse
625 1870 795 1897 carmen
827 1860 1099 1908 amatorium,
1141 1859 1215 1898 sed
1251 1859 1391 1912 potius
1424 1857 1531 1896 oden
1563 1857 1605 1895 in
1637 1857 1828 1909 ignotum

206 1933 388 1989 aliquem
420 1948 589 1988 regem,
630 1935 811 1975 fortasse
841 1935 1093 1985 Persarum,
1134 1938 1254 1989 cujus
1285 1934 1572 1989 pulchritudo,
1610 1932 1828 1982 fortitudo,

202 2015 370 2067 justitia
401 2021 523 2066 atque
551 2011 867 2066 magnificentia
892 2013 1129 2054 laudantur.
1189 2012 1308 2061 Quae
1340 2013 1391 2053 de
1417 2013 1531 2066 regis
1562 2025 1696 2051 uxore
1726 2009 1829 2060 illic,

210 2106 246 2132 v.
271 2094 504 2141 10—16,
555 2090 792 2141 habentur,
844 2094 1012 2132 nonnisi
1050 2093 1100 2133 ad
1141 2094 1273 2147 ipsius
1314 2092 1427 2146 regis
1472 2088 1830 2145 magnificentiam

208 2170 496 2212 exornandam
529 2179 760 2210 memorata
792 2170 985 2210 videntur
1010 2172 1091 2223 ⁶³).

266 2395 338 2442 64)
371 2396 455 2434 ser.
486 2397 577 2441 vu,
609 2396 684 2442 34,
718 2396 841 2442 xxv,
877 2397 940 2435 10.

266 2496 342 2547 65)
383 2498 495 2538 Quae
538 2495 574 2531 in
625 2497 762 2546 psalmi
808 2498 971 2548 hujusce
1013 2497 1268 2548 inscriptione
1310 2504 1523 2536 occurrunt
1570 2497 1689 2536 verbu
1741 2508 1827 2541 ’vm

324 2574 462 2604 την-τ’
501 2576 700 2613 perperam
735 2576 757 2600 u
788 2565 984 2601 nonnullis
1015 2570 1218 2603 vertuntur
1248 2579 1390 2603 carmen
1422 2569 1658 2604 amatorium.
1730 2565 1828 2602 l'ru-

328 2632 410 2682 prie
442 2631 563 2670 verbu
592 2631 660 2679 illu
690 2638 858 2668 sonant:
907 2646 1049 2669 carmen
1079 2636 1324 2674 suavitatum,
1378 2634 1403 2671 i.
1435 2647 1470 2671 e.
1506 2646 1661 2671 carmen
1692 2645 1826 2674 suave.

329 2704 551 2745 venustum,
585 2695 697 2750 ἶὶσμα
727 2697 990 2751 προςφιλίας,
1022 2699 1138 2737 sicuti
1171 2701 1312 2751 Aquila
1345 2701 1636 2752 interpretatur.
