1968 3095
207 195 261 232 89.
829 192 924 230 Pars
951 192 1006 229 ΙΙ.
1069 191 1162 241 Gap.
1188 191 1241 228 11.

210 303 288 344 bus
322 302 499 356 injurias
531 299 806 341 ulciscantur.
875 299 962 342 Ubi
991 301 1036 341 in
1070 298 1277 356 proelium
1310 306 1466 349 ruunt,
1513 296 1684 338 leonum
1716 299 1851 340 instar

208 382 427 429 saeviunt,
460 391 597 433 neque
627 393 653 418 a
684 379 828 434 pugna
861 375 1094 427 desistunt,
1125 378 1261 419 donec
1292 375 1360 417 vel
1389 378 1433 418 in
1465 375 1609 431 fugam
1638 377 1854 428 conversi,

209 458 279 499 vel
318 458 370 498 ad
408 458 744 498 internecionem
786 455 917 498 deleti
958 457 1043 498 sint
1080 455 1240 498 hostes.
1307 453 1462 498 Nullus
1498 469 1646 496 eorum
1685 453 1853 510 placide

213 538 324 577 diem
356 549 599 590 supremum
632 534 745 586 obit,
777 528 967 578 omnium
999 536 1084 575 vita
1114 533 1354 590 gladiorum
1376 533 1653 576 mucronibus
1682 533 1855 589 profun-

213 616 341 656 ditur.
416 613 538 662 Quae
579 616 851 656 committunt
892 612 1056 669 proelia
1091 614 1328 655 diutissime
1358 615 1403 654 in
1432 612 1617 659 bostium
1650 614 1855 657 memoria

212 695 379 747 vigent,
411 702 491 734 etc.
564 692 750 734 Gladius
780 702 824 733 ut
855 691 1081 747 plurimum
1114 701 1177 733 est
1207 691 1405 743 Indicus,
1444 691 1569 744 cujus
1599 692 1714 732 acies
1745 704 1856 737 nun-

221 786 344 826 quam
380 771 596 822 hebescit,
655 781 698 812 at
726 785 827 811 vero
859 785 884 810 a
916 769 1078 811 crebris
1117 769 1272 810 ictibus
1310 784 1460 811 crenas
1490 770 1669 824 accepit.
1747 766 1856 812 Cum

216 851 467 906 stringitur,
510 849 555 888 in
587 848 800 900 tenebris,
834 863 938 904 quas
964 849 1176 889 excitatus
1206 863 1231 888 a
1262 847 1550 903 pugnantibus
1580 846 1721 903 pulvis
1751 861 1858 890 con-

217 928 372 977 traxit,
404 924 468 967 sol
492 927 594 966 oriri
624 927 812 976 videtum
858 942 954 969 cum
983 928 1025 967 in
1058 925 1251 971 hostium
1271 928 1409 981 capita
1428 926 1637 976 defertur,
1670 924 1859 966 violenta

218 1006 493 1060 percussione
533 1005 645 1059 ignis
687 1007 930 1056 excutitur,
984 1019 1108 1060 quem
1157 1014 1300 1046 tamen
1350 1003 1566 1059 profluens
1613 1018 1637 1044 e
1683 1001 1858 1045 vulnere

218 1085 396 1138 sanguis
434 1081 549 1122 illico
593 1085 842 1139 exstinguit.
912 1082 1063 1137 Equus
1103 1083 1282 1125 bellicus
1321 1081 1493 1137 gracilis
1530 1091 1621 1130 est3
1662 1080 1858 1123 cruribus

217 1160 578 1211 struthiocameli‚
621 1170 662 1201 et
691 1160 1024 1216 hypocbondriis
1055 1162 1253 1202 dorcadis
1284 1161 1513 1216 praeditus.
1572 1159 1734 1202 Latera
1762 1160 1858 1213 ejus

218 1237 384 1289 valida,
422 1239 593 1280 dorsum
624 1239 748 1281 laeve
778 1239 1032 1294 firmumque
1062 1241 1199 1280 instar
1229 1241 1339 1281 saxi.
1398 1239 1570 1280 Ardore
1602 1247 1859 1280 exaestuans

221 1316 587 1368 hinnitumredit,
640 1320 775 1358 instar
811 1317 939 1358 aheni
980 1317 1258 1358 fervescentis
1299 1331 1322 1356 e
1363 1326 1533 1371 pectore
1565 1313 1858 1356 ebullientem.

222 1392 452 1435 Celeritate
467 1402 639 1435 ventum
663 1396 907 1448 praevertit,
930 1404 971 1435 et
993 1396 1044 1436 ad
1064 1396 1284 1449 impetum,
1308 1403 1350 1435 et
1369 1395 1422 1436 ad
1438 1394 1581 1449 fugam
1599 1395 1861 1448 aptissimus.

919 1476 959 1524 ξ.
1002 1471 1163 1513 XLVI.

336 1548 452 1590 Inter
481 1551 670 1592 carmina
710 1549 883 1592 heroica
923 1552 1195 1606 praecipuum
1235 1550 1318 1591 sibi
1349 1550 1567 1591 vindicant
1597 1548 1737 1590 locum
1767 1547 1857 1601 illa,

225 1641 332 1682 quae
362 1631 593 1683 sanguinis·
633 1629 870 1671 vindictam
909 1628 1143 1670 celebrant.
1211 1629 1306 1670 Jam
1338 1629 1437 1669 inde
1466 1628 1519 1670 ab
1552 1629 1859 1683 antiquissimis

225 1705 492 1760 temporibus
532 1708 640 1761 apud
675 1706 868 1759 Arabes,
919 1709 1043 1749 sicuti
1082 1709 1210 1748 etiam
1250 1708 1359 1762 apud
1401 1707 1626 1750 Hebraeos
1665 1706 1859 1763 aliosque

224 1786 401 1825 orientis
419 1784 612 1839 populos,
644 1800 735 1828 mos
762 1786 961 1837 obtinuit,
996 1787 1247 1841 sanguinem
1271 1787 1494 1841 sanguine,
1525 1787 1696 1828 caedem
1728 1786 1858 1829 caede

228 1861 473 1903 ulciscendi.
554 1863 699 1912 Quare
730 1867 766 1906 si
797 1864 949 1904 caedes
989 1863 1129 1918 aliqua
1170 1873 1406 1920 perpetrata
1444 1873 1584 1914 esset,
1639 1863 1728 1915 illi,
1786 1864 1859 1919 qui

227 1942 412 1980 occisum
437 1942 689 1994 cognatione
721 1943 912 1994 proxime
939 1943 1177 1996 attingeret,
1217 1945 1448 1983 necessitas
1470 1942 1741 1983 incumbebat
1761 1955 1856 1982 cae-

227 2019 319 2058 dem
363 2027 566 2072 patratam
610 2016 863 2067 ulciscendi,
916 2033 1050 2073 neque
1091 2034 1115 2059 a
1157 2022 1373 2074 proposito
1415 2022 1673 2070 desistendi,
1722 2020 1857 2059 donec

227 2110 345 2146 eum,
387 2098 457 2151 qui
491 2096 664 2136 caedem
696 2098 987 2145 connniserat‚
1034 2112 1281 2152 quocunque
1322 2100 1490 2139 demum
1524 2099 1651 2140 modo
1681 2097 1858 2139 interfe-

227 2177 367 2215 cisset.
429 2175 552 2223 Quod
586 2176 623 2214 si
656 2188 754 2214 vero
787 2174 884 2215 huic
915 2175 1079 2226 officio,
1129 2178 1238 2231 quod
1273 2179 1587 2219 sanctissimum
1618 2176 1856 2232 putabatur,

225 2253 473 2293 satisfacere
505 2252 658 2304 nollet,
701 2267 866 2293 summo
899 2253 951 2293 ab
983 2254 1180 2295 omnibus
1214 2255 1487 2310 popularibus
1518 2257 1608 2297 suis
1637 2255 1856 2310 despectui

223 2329 475 2371 habebatur.
537 2332 661 2379 Quod
694 2330 877 2372 officium
911 2345 1004 2372 cum
1036 2335 1139 2374 tanti
1174 2335 1361 2374 facerent
1387 2333 1577 2383 Arabes,
1611 2347 1694 2374 non
1721 2334 1855 2388 potuit

224 2406 342 2456 steri,
376 2410 500 2461 quin,
534 2409 603 2449 ubi
634 2409 948 2464 implevissent,
990 2411 1299 2466 gloriarentur,
1339 2411 1682 2466 carminibusque
1712 2411 1851 2452 vindi-

223 2493 340 2524 catae
370 2485 512 2525 caedis
542 2488 789 2527 memoriam
816 2490 1077 2530 mandarent.
1139 2488 1306 2538 Quibus
1338 2490 1378 2529 in
1411 2489 1668 2530 carminibus
1690 2490 1751 2539 is,
1783 2489 1852 2529 cui

226 2562 501 2602 vindicandae
542 2564 682 2605 caedis
724 2566 926 2606 incumbit
967 2567 1176 2615 officium,
1215 2569 1496 2620 jurejurando
1533 2582 1578 2609 se
1611 2567 1852 2623 obstringit,

222 2652 316 2679 sese
337 2639 562 2691 maculam,
589 2655 711 2696 quam
734 2645 903 2698 cognati
926 2646 1076 2685 caedes
1100 2645 1183 2686 sibi
1212 2647 1474 2699 insperserit,
1505 2647 1674 2686 nonnisi
1701 2646 1854 2687 adver-

217 2718 316 2756 sarii
347 2720 413 2758 sui
445 2721 650 2774 sanguine
681 2718 906 2762 elaturum.
981 2722 1094 2762 Huic
1129 2724 1200 2762 nni
1234 2725 1419 2765 intentus
1458 2725 1659 2779 negotio,
1710 2731 1852 2764 cetera
