1958 2947
515 159 569 196 De
598 160 740 208 oriyine
770 166 802 196 et
831 161 951 197 causis
976 162 1124 208 potiseos
1154 156 1346 196 Arabicae.
1709 158 1764 196 45

136 282 238 310 vero
268 268 477 310 Hirenses
507 266 694 322 reliquos
724 262 889 308 Arabes
909 269 1068 322 ingenii
1102 266 1215 308 cultu
1247 268 1526 322 praevertisse
1557 267 1765 311 videntur.

136 346 263 403 Apud
292 347 462 387 eosdem
493 351 671 401 poeseos
702 347 888 386 studium
919 347 1053 399 primo
1085 354 1281 386 exortum
1306 346 1440 386 fuisse
1461 344 1662 386 credibile
1687 353 1765 386 est.

138 424 221 466 Cui
260 426 400 466 studio
442 437 565 478 reges
608 437 773 478 quoque
817 423 1068 464 Hirensium
1110 423 1221 463 haud
1270 438 1416 478 parum
1465 423 1624 464 favisse
1666 424 1766 464 inde

136 505 364 557 conjicias,
418 503 529 558 quod
559 511 751 542 auctores
783 501 960 542 Arabici
991 503 1296 556 antiquissimis
1329 503 1468 556 gentis
1500 515 1602 543 suae
1634 503 1767 556 poetis

134 580 278 637 plures
319 581 566 622 Hirensium
615 595 738 634 reges
778 581 1119 621 adnunierarent.
1199 579 1317 619 Inter
1359 584 1534 632 poetas,
1587 595 1764 634 quorum

136 661 324 702 carmina
352 662 396 700 in
432 658 703 700 Sela-ulcerasii
730 658 1029 700 Monumentis
1067 656 1378 699 vetustioribus
1409 657 1610 699 Arabiae
1642 658 1766 700 exhi-

136 737 312 789 bentur,
345 746 573 779 occurrunt
594 736 904 787 Dsckodaz‘ma,
935 736 1145 777 secundus
1175 735 1425 776 Hirensium
1456 749 1548 785 rex,
1579 736 1766 780 Behram

139 815 248 866 Gur,
281 817 370 856 sive
399 816 616 858 Waranes
634 814 690 864 V,
721 816 894 857 Persiae
916 815 1035 866 Rex,
1072 816 1143 870 qui
1174 816 1216 855 in
1249 812 1345 853 aula
1371 812 1575 865 Nomam,
1606 813 1767 856 Hiren-

136 895 246 935 sium
269 896 397 949 regis,
430 895 631 935 educatus
658 893 751 944 fuit,
782 908 865 935 nec
889 909 972 935 non
1004 892 1106 935 Abu
1136 892 1304 942 Adina,
1337 892 1581 944 Alaswadz‘,
1612 894 1767 935 decimi

136 974 312 1014 secundi
352 973 600 1014 Hirensium
641 973 777 1027 regis,
830 971 1047 1026 patruelis.
1120 971 1213 1012 Jam
1247 972 1329 1011 etsi
1362 968 1683 1012 Dsckodamae
1723 982 1766 1012 et

138 1050 347 1092 Beki-ami
373 1052 562 1091 carmina
593 1051 870 1103 suppositicia
906 1051 1156 1099 videantur,
1204 1058 1344 1089 tamen
1386 1046 1453 1087 vel
1482 1049 1603 1099 inde,
1654 1051 1763 1104 quod

139 1129 350 1183 principes
372 1127 436 1168 illi
456 1128 509 1168 ab
535 1127 777 1169 auctoribus
798 1128 993 1170 Arabicis
1024 1128 1159 1181 poetis
1190 1127 1540 1175 adnumerentur,
1574 1125 1764 1183 colligas,

137 1207 181 1247 in
212 1220 358 1262 regum
390 1205 641 1247 Hirensium
673 1203 769 1246 aula
801 1207 948 1260 poesin
978 1204 1109 1245 fotam
1141 1214 1462 1259 promotamque
1491 1204 1639 1247 fuisse.

851 1341 889 1390 ς.
930 1337 1054 1379 xix.

250 1441 466 1495 Dispersis
496 1442 539 1481 in
573 1440 686 1480 hunc
717 1441 889 1487 moduni
926 1441 969 1479 iu
1008 1440 1199 1480 diversas
1237 1447 1372 1480 terras
1402 1438 1606 1490 Azdzwis,
1653 1439 1764 1481 haud

137 1521 293 1574 exigua
331 1533 477 1560 eorum
518 1534 614 1574 pars
646 1518 900 1560 Hedsclzazz·
939 1517 1148 1568 substitit,
1195 1518 1307 1558 unde
1337 1516 1424 1558 illis
1459 1517 1766 1560 Chozaz‘tarum

136 1600 288 1639 nomen
322 1598 449 1652 (quod
481 1597 533 1638 ab
565 1596 740 1652 reliquis
770 1598 953 1651 separati
985 1595 1144 1648 essent)
1176 1596 1370 1638 inditum.
1431 1595 1490 1636 Hi
1522 1595 1639 1637 brevi
1671 1607 1766 1637 tan-

135 1685 221 1715 tum
255 1673 499 1723 invaluere,
542 1685 587 1714 ut
617 1675 734 1715 urbis
764 1674 947 1715 flleccae
977 1675 1280 1727 principatum,
1318 1673 1528 1728 simulque
1559 1677 1765 1730 antiquis-

135 1754 230 1794 simi
262 1751 376 1793 illius
404 1762 527 1807 atque
552 1751 875 1792 celebratissimi
896 1750 1039 1806 templi
1062 1751 1269 1801 Meccani,
1302 1754 1368 1792 cui
1393 1751 1570 1793 Caabalz
1593 1767 1763 1803 nomen,

137 1843 281 1871 curam
321 1829 574 1870 obtinerent.
651 1830 802 1870 Fracta
844 1831 1012 1884 quidem
1053 1843 1198 1869 eorum
1243 1832 1431 1883 potentia
1476 1845 1552 1885 per
1594 1829 1763 1885 aliquod

134 1916 327 1963 tempus,
359 1922 453 1948 cum
486 1907 805 1948 Jemanensium
841 1922 917 1948 rex
955 1906 1097 1948 Tobba
1124 1907 1251 1947 Asad
1279 1907 1423 1948 seculo
1454 1911 1577 1949 tertio
1609 1911 1764 1959 medio,

136 1984 227 2035 vel,
262 1994 306 2025 ut
336 1984 408 2026 alii
438 1985 606 2036 volunt,
655 1985 798 2026 Tobba
827 1990 989 2036 minor,
1029 1985 1209 2027 Hasam'
1236 1984 1375 2036 filius,
1416 1988 1590 2027 ineunte
1621 1986 1763 2027 seculo

136 2073 283 2119 quarto
317 2062 617 2104 Hedsckazum
649 2065 891 2114 invaderet,
933 2065 1227 2118 principesque
1258 2065 1351 2117 ejus
1384 2065 1531 2114 urbes,
1564 2064 1762 2105 Meccam

136 2149 261 2195 atque
285 2140 532 2189 Medinam,
564 2143 742 2195 irnperio
772 2156 849 2182 suo
881 2142 1124 2194 subjiceret⁴
1183 2140 1344 2182 Verum
1375 2141 1485 2183 haud
1506 2142 1640 2184 multo
1669 2151 1764 2197 post

134 2219 320 2259 animum
367 2219 561 2272 viresque
602 2233 798 2274 recepere
844 2219 1110 2270 Chozaitae,
1161 2229 1201 2260 et
1239 2234 1334 2261 cum
1373 2222 1542 2275 saepius
1581 2220 1762 2261 feliciter

135 2299 228 2336 cum
260 2295 433 2350 regibus
466 2294 793 2337 Jemanensibus
833 2298 1190 2349 decertavissent,
1245 2299 1411 2338 tandem
1449 2298 1626 2340 Colaibo
1657 2300 1760 2338 duce

134 2372 455 2414 memorabilem
485 2377 703 2416 victoriam
735 2385 1029 2430 reportarunt,
1064 2377 1325 2431 imperioque
1355 2391 1503 2431 regum
1534 2378 1761 2419 Jemanen-

134 2452 242 2491 sium
275 2465 368 2491 sese
398 2451 715 2494 subtraxerunt.
789 2453 907 2493 Haec
949 2468 1022 2506 pro
1054 2452 1251 2494 libertate
1284 2456 1537 2503 certamina,
1587 2455 1761 2506 ipsaque

135 2529 303 2569 tandem
345 2538 592 2583 recuperata
631 2529 835 2582 libertas,
883 2530 994 2570 haud
1038 2545 1185 2586 parum
1220 2530 1404 2571 valuisse
1449 2532 1668 2579 videntur,
1716 2538 1761 2570 ut

136 2604 280 2646 seculo
323 2607 467 2661 quinto
507 2615 712 2662 sextoque
754 2608 863 2661 apud
884 2608 1050 2649 Arabes
1085 2609 1341 2650 Hedschazz‘
1375 2606 1536 2648 incolas
1580 2613 1760 2661 poeseos

135 2684 319 2723 studium
350 2686 613 2734 exoriretur,
645 2694 687 2725 et
715 2683 948 2726 laetissima
968 2701 1068 2727 mox
1090 2689 1350 2727 incrementa
1375 2693 1556 2740 caperet.
1617 2684 1760 2734 Quare
