1968 3095
159 207 239 245 228
767 203 861 240 Pars
891 202 959 240 IV.
1021 203 1113 252 Cap.
1144 203 1176 239 1.

161 316 291 357 causa
319 327 420 355 usos
449 312 605 360 fuisse3
652 312 746 366 quis
785 325 870 352 non
912 318 1069 351 statuat
1099 311 1266 366 potius,
1314 313 1522 367 poeticam
1552 311 1669 354 illam
1701 311 1795 354 dia-

159 392 311 434 lectum
356 405 409 431 ex
461 404 664 431 sensuum
714 388 1008 440 vehementia,
1063 390 1364 445 cogitationum
1418 389 1627 444 gravitate
1667 398 1793 444 atque

161 469 446 518 sublimitate,
480 483 559 509 nec
591 483 674 509 non
704 467 945 523 euphoniae
976 468 1117 508 studio
1148 468 1354 522 originem
1387 466 1593 508 duxisse?
1643 465 1794 523 Neque

162 546 417 589 insolentius
456 545 562 588 illud
607 547 774 588 dicendi
815 559 950 601 genus
990 552 1208 601 poetarum
1248 553 1412 586 tantum
1451 545 1792 600 propriumoem

165 635 279 666 certe
312 634 354 666 et
384 634 599 678 oratores,
644 627 976 680 quotiescunque
1009 622 1134 664 altius
1175 624 1423 678 insurgunt,
1464 621 1532 663 vel
1563 607 1737 664 vocibus
1751 635 1795 670 ,n

163 705 376 745 communi
394 702 595 759 loquendi
616 719 694 744 usu
721 702 1050 751 discedentibus,
1085 700 1151 742 vel
1179 705 1307 741 etiam
1331 703 1582 742 usitatorum
1606 699 1793 742 vocabu-

162 781 300 823 lorum
340 783 490 823 formis
531 780 883 824 insolentioribus
925 790 1110 820 utuntur.
1181 778 1326 828 Quare
1367 793 1421 820 ex
1463 777 1663 833 peculiari
1701 778 1793 831 illo,

163 861 274 916 quod
306 862 347 900 in
380 859 640 901 carminibus
673 859 908 900 Hebraicis
940 857 1127 908 obtinet,
1160 857 1330 898 dicendi
1358 869 1538 912 genere,
1571 869 1792 912 perperam

162 938 400 994 colligitur,
431 940 620 979 carmina
650 936 726 978 illa
760 938 949 978 metricis
980 935 1146 991 legibus
1176 937 1376 977 adstricta
1406 948 1514 976 esse.

817 1063 854 1112 ξ.
908 1058 1115 1100 CXXIII.

275 1149 402 1192 Haud
433 1148 793 1204 probabilioribus
825 1149 1060 1190 rationibus
1095 1148 1363 1204 Carpzovz'ns
1391 1147 1676 1203 Jonese‘mque
1704 1145 1792 1188 He-

161 1228 384 1269 braeorum
417 1228 568 1282 poesin
602 1228 817 1268 metricam
844 1241 939 1268 esse
961 1228 1233 1269 contendunt.
1298 1227 1566 1282 Carpzovt'us
1592 1226 1684 1280 ¹⁰⁴)
1715 1225 1790 1266 du-

161 1305 258 1361 plici
289 1307 555 1360 potissimum
587 1315 836 1360 argumento
865 1308 1118 1346 sententiam
1150 1320 1266 1346 suam
1297 1315 1459 1352 tuetur3
1502 1306 1661 1359 primo,
1702 1303 1788 1353 „ad

161 1393 356 1425 naturam
389 1395 430 1424 et
461 1385 805 1424 constitutionem
840 1385 992 1422 cantici
1029 1385 1263 1436 pertinere,
1310 1385 1392 1432 ait,
1437 1391 1482 1422 ut
1513 1391 1646 1422 metro
1683 1395 1788 1436 quu-

160 1462 258 1502 dam
298 1459 481 1515 ligetur,
534 1470 575 1500 et
614 1463 740 1500 certis
780 1460 942 1500 vicibus
989 1459 1102 1501 velut
1140 1462 1182 1500 in
1223 1459 1368 1500 orbem
1409 1469 1623 1507 recurrat;
1672 1459 1787 1510 dein,

161 1541 296 1594 ipsam
329 1539 515 1578 musicae
547 1537 733 1578 indolem
764 1548 887 1592 atque
919 1549 1109 1578 naturam
1149 1537 1340 1592 μετρικόν
1369 1553 1407 1577 τι
1439 1536 1685 1592 complecti,
1730 1547 1788 1587 ut,

164 1617 233 1656 ubi
271 1622 465 1670 poemata
503 1629 624 1655 sacra
655 1616 878 1656 decantata
908 1625 1097 1666 constet,
1143 1630 1226 1656 non
1271 1617 1402 1671 possit
1443 1624 1619 1655 metrum
1661 1630 1785 1657 omne

160 1693 378 1735 excludi-‘⁸
441 1692 626 1733 Primum
666 1692 771 1734 illud
800 1703 1094 1748 argumentum
1131 1695 1220 1748 jam
1261 1695 1456 1749 superius
1498 1694 1784 1742 excussimus3

158 1773 207 1813 ad
241 1771 419 1811 alterum
452 1784 552 1811 vero
585 1773 695 1825 quod
729 1773 911 1822 adtinet,
952 1774 1179 1814 tenendum
1225 1781 1314 1822 est,
1357 1771 1652 1813 Hebraeorum
1694 1785 1783 1813 rem

158 1852 360 1890 musicam
403 1848 513 1889 haud
554 1850 660 1889 adeo
699 1848 822 1890 nobis
864 1860 1124 1904 perspectam
1166 1865 1286 1901 esse,
1328 1860 1372 1891 ut
1409 1851 1508 1891 inde
1548 1851 1780 1892 carminum

156 1928 455 1968 cantandorum
488 1928 722 1977 rationem,
765 1936 905 1968 utrum
938 1926 1105 1983 legibus
1146 1931 1332 1970 metricis
1367 1929 1567 1969 adstricta
1606 1928 1781 1980 fuerint,

156 2019 322 2054 necne,
383 2005 619 2056 dijudicare
673 2005 896 2057 possimus.
985 2004 1069 2045 Sed
1120 2019 1395 2061 quaecunque
1450 2007 1636 2046 musicae
1690 2004 1782 2046 He-

155 2082 378 2122 braeorum
421 2081 548 2121 fuerit
590 2083 802 2129 conditio,
843 2082 885 2121 id
928 2092 1042 2122 certe
1082 2095 1267 2133 constat,
1312 2084 1500 2124 carmina
1540 2096 1663 2137 posse
1704 2083 1780 2124 de-

154 2163 337 2209 cantari,
394 2161 473 2199 etsi
519 2158 686 2214 legibus
736 2162 921 2200 metricis
973 2160 1084 2201 haud
1133 2162 1219 2201 sint
1270 2162 1486 2201 adstricta.
1570 2159 1781 2216 Exemplo

152 2239 207 2277 sit
238 2236 340 2277 illud
375 2237 570 2278 cantandi
604 2251 765 2291 genus,
811 2239 919 2292 quod
957 2237 1100 2278 Italico
1144 2239 1349 2280 vocabulo
1380 2240 1635 2279 Recitativo
1674 2238 1780 2280 dici-

152 2328 269 2360 mus;
316 2316 405 2364 cui,
446 2316 481 2353 si
523 2317 807 2366 conjecturam
851 2316 991 2356 facere
1031 2315 1152 2365 licet,
1202 2316 1310 2357 haud
1356 2314 1604 2356 dissimilem
1646 2316 1778 2357 fuisse

150 2392 448 2432 Hebraeorum
487 2403 654 2432 cantum
695 2395 1044 2434 existimaverim.
1093 2419 1140 2424 ——
1184 2393 1388 2434 Jouerc'us
1419 2407 1471 2433 ex
1505 2395 1653 2434 intima
1685 2392 1775 2446 illu,

152 2485 259 2524 (lune
288 2472 397 2510 inter
428 2469 719 2510 Hebraeorum
750 2470 1024 2526 Arabumque
1066 2472 1250 2527 linguam
1292 2482 1417 2526 atque
1456 2473 1600 2525 poesin
1641 2474 1775 2513 inter·

150 2550 274 2598 cedit,
306 2548 559 2602 cognatione
583 2545 759 2601 colligit,
790 2547 1083 2590 llebraeorum
1113 2563 1247 2604 aeque
1270 2558 1395 2604 atque
1415 2549 1604 2590 Arabum
1629 2555 1774 2603 pot-:tus

212 2724 308 2771 104)
341 2727 584 2764 introductio
618 2727 666 2764 nd
698 2726 820 2764 libros
853 2729 1068 2767 canonicos
1102 2729 1187 2767 vet.
1208 2729 1481 2776 Testamenti,
1515 2729 1560 2768 P.
1592 2730 1640 2768 ΙΙ.
1670 2743 1708 2780 p.
1728 2727 1769 2767 6.

1887 617 1890 620 .
1914 515 1949 622 2⁴

1857 2633 1914 3095 ἵ
