2000 3042
482 191 536 227 De
563 192 704 239 oriyine
733 198 765 228 et
795 191 915 228 causis
943 193 1086 239 po’e'seos
1115 190 1332 229 Hebraicae.
1668 191 1717 228 11

101 298 199 338 ritu.
270 297 431 341 Verum
462 301 577 342 enim
608 314 710 341 vero
740 299 854 341 haud
884 300 1038 341 desunt
1065 297 1173 348 loci,
1218 300 1262 339 in
1293 298 1448 354 quibus
1479 296 1546 338 vel
1576 296 1722 353 populi

101 375 310 417 Hebraici
336 376 536 424 historia,
565 375 633 416 vel
661 376 732 417 lex
763 376 956 418 Mosaica
985 377 1139 431 respici
1170 377 1347 417 videtur.
1406 376 1599 431 Namque
1630 390 1720 430 cap.

102 453 193 504 IX,
235 459 316 505 24,
369 464 482 495 terra
518 456 562 495 in
602 453 892 509 improborum
933 463 1182 507 potestatem
1220 454 1398 506 tradita,
1451 455 1723 508 judicumque

99 531 231 573 facies
261 542 460 587 cooperta
488 534 664 584 dicitur,
703 547 755 573 ne
786 531 948 573 scilicet
977 531 1140 573 scelera
1169 535 1396 573 commissa
1425 533 1570 572 videre
1598 541 1724 586 atque

100 612 252 664 punire
289 615 477 666 possint3
526 625 615 665 cap.
647 609 757 658 XII,
799 614 876 662 17,
919 614 994 661 19,
1046 610 1279 651 consiliarii
1319 620 1442 665 atque
1483 611 1724 651 sacerdotes

102 690 260 744 captivi
292 689 579 736 abducuntur3
627 703 716 743 cap.
747 687 922 738 XXIV,
952 692 979 728 2
1008 702 1124 743 sequ.
1161 702 1359 744 agrorum
1389 690 1558 728 termini
1590 689 1726 729 dimo-

103 777 280 817 ventur,
329 781 481 823 greges
519 769 765 821 rapiuntur,
815 769 966 820 inopes
996 765 1287 821 depelluntur3
1339 767 1409 821 qui
1440 765 1522 807 loci
1553 767 1725 806 omnino

104 846 302 885 miseram
333 854 513 893 sortem,
554 859 659 898 quae
692 843 844 898 populo
876 843 1089 885 Hebraico
1119 844 1352 885 serioribus
1379 844 1534 898 obtigit
1566 852 1726 898 tempo-

103 922 238 973 ribus,
269 925 479 978 respicere
500 923 710 962 videntur.
768 921 959 972 Accedit,
993 922 1102 977 quod
1130 936 1222 976 cap.
1245 920 1324 973 VI,
1353 926 1427 973 103
1458 920 1630 970 XXIII,
1660 925 1725 970 12,

104 1000 240 1042 Jobus
268 1003 502 1056 praedicet,
557 1015 769 1055 nunquam
810 1014 856 1040 se
893 1000 1093 1041 abnuisse
1124 999 1256 1041 verba
1286 1004 1572 1050 sanctissimi,
1613 1009 1726 1044 ³572&

106 1092 240 1134 imas„
272 1094 408 1134 neque
435 1078 671 1119 declinasse
702 1093 726 1117 a
752 1083 992 1132 praecepto
1023 1077 1233 1118 labiorum
1264 1080 1381 1131 ejas,
1422 1090 1553 1120 viv-:m
1586 1088 1726 1124 n72723

106 1166 254 1198 contra
284 1155 450 1211 placitis
483 1158 572 1197 suis
597 1157 887 1209 anteposuisse
918 1155 1060 1206 effata
1082 1159 1172 1195 oris
1193 1157 1312 1197 illias
1343 1155 1461 1210 (Dei)
1494 1168 1559 1199 '1³²2
1591 1166 1726 1203 *57:⁸3

107 1235 261 1290 quibus
301 1236 346 1274 in
385 1232 491 1274 locis
532 1233 666 1274 verba
705 1236 971 1273 sanctissimi
1011 1241 1053 1272 et
1087 1240 1329 1288 praecepta
1376 1234 1586 1275 labiorum
1632 1236 1729 1287 ejus

106 1327 397 1368 nequaquam,
442 1313 566 1352 sicuti
599 1309 881 1352 Bertholdtus
921 1312 1137 1351 contendit
1167 1310 1257 1363 ²0),
1305 1313 1476 1352 insitam
1509 1311 1673 1352 homini
1703 1325 1730 1351 a

107 1391 259 1431 natura
296 1389 571 1445 religionem,
622 1401 768 1428 verum
805 1387 944 1443 legem
975 1389 1183 1436 divinam,
1237 1403 1309 1443 per
1340 1390 1506 1431 stlosem
1539 1399 1605 1440 et,
1658 1389 1730 1444 qui

106 1468 225 1509 illum
257 1469 392 1509 secuti
423 1477 546 1518 sunt,
589 1466 815 1522 prophetas
848 1465 999 1521 populo
1033 1466 1247 1507 Hebraico
1281 1467 1613 1523 promulgatam,
1657 1466 1731 1507 de-

108 1557 268 1588 notant.

222 1623 346 1674 Quod
381 1638 480 1664 vero
511 1624 737 1669 adserunt,
771 1637 848 1663 nec
873 1625 1011 1676 ipsum
1045 1625 1230 1663 numinis
1262 1625 1396 1664 divini
1428 1638 1580 1664 nomen
1611 1633 1728 1673 ’.Ἧι-ι’,

110 1704 221 1758 quod
252 1692 352 1744 'inde
384 1716 408 1741 a
438 1704 578 1742 „Masis
609 1709 746 1741 aetate
784 1714 883 1755 prae
922 1703 1072 1740 ceteris
1104 1701 1188 1741 Dei
1228 1701 1469 1742 nominibus
1501 1702 1611 1755 apud
1641 1700 1730 1740 He-

110 1780 262 1820 braeos
292 1779 541 1829 invaluerit,
572 1778 678 1820 Jobi
701 1778 862 1818 auctori
889 1779 1102 1831 cognitum
1127 1777 1282 1827 fuisse,
1312 1779 1384 1817 vix
1408 1777 1493 1818 ullo
1520 1776 1733 1832 probabili

110 1859 256 1897 nititur
297 1867 559 1911 argumento.
627 1855 822 1909 Namque
860 1855 905 1893 in
945 1856 1144 1895 carminis
1183 1854 1359 1910 prologo
1399 1865 1524 1910 atque
1563 1853 1732 1909 epilogo

110 1949 264 1976 nomen
294 1933 399 1975 illud
425 1936 593 1988 saepius
620 1935 792 1974 omnino
815 1934 1017 1984 occurri13
1049 1947 1351 1988 perperamque
1380 1935 1601 1983 statuitur,
1632 1945 1734 1987 pro-

110 2012 254 2068 logum
303 2021 428 2067 atque
474 2012 691 2068 epilogum
734 2025 817 2051 non
859 2024 883 2050 a
925 2009 1029 2051 Jobi
1072 2021 1244 2052 auctore
1288 2011 1527 2066 profectos,
1584 2022 1734 2050 verum

110 2092 263 2132 seriori
289 2099 477 2144 tempore
508 2092 698 2144 adjectos
728 2089 874 2129 fuisse.
937 2088 1124 2138 Etenim,
1157 2097 1203 2129 ut
1222 2090 1546 2130 Rosenmic'lleri
1567 2097 1734 2128 utamur

114 2168 254 2208 verbis
284 2169 373 2220 l¹),
407 2183 553 2221 „opus
583 2182 638 2208 ex
670 2169 784 2207 omni
816 2176 934 2221 parte
965 2167 1256 2222 imperfectum
1286 2166 1442 2216 habes,
1473 2180 1613 2207 meros
1642 2179 1734 2206 ser-

114 2259 288 2294 mones,
339 2259 517 2298 quorum
548 2258 745 2294 causam,
794 2247 1002 2285 rationem
1034 2255 1076 2285 et
1104 2244 1233 2286 finem
1265 2247 1466 2300 ignoras,
1512 2244 1736 2285 exordium

114 2333 156 2362 et
188 2322 419 2363 clausulam
450 2326 488 2363 si
519 2324 709 2363 demas.“
769 2322 896 2373 Quod
932 2337 1031 2363 vero
1062 2325 1104 2364 in
1135 2325 1226 2377 ipso
1254 2325 1464 2375 carmine,
1498 2336 1585 2376 cap.
1609 2319 1735 2360 III—

116 2399 267 2450 XLII,
299 2404 349 2450 6,
391 2412 545 2439 nomen
578 2411 679 2443 rem*
710 2401 926 2441 rarissime
957 2410 1174 2451 occurrat,
1226 2402 1402 2456 ejusque
1442 2399 1537 2442 loco
1573 2407 1734 2438 tantum

115 2492 198 2518 non
231 2491 396 2532 semper
433 2479 514 2529 bs,
559 2480 665 2522 2775&
703 2478 1006 2528 adhibeantur,
1054 2479 1148 2532 ejus
1189 2479 1250 2518 rei
1282 2492 1409 2518 causa
1439 2480 1481 2518 in
1512 2491 1563 2516 eo
1597 2476 1736 2529 posita

175 2634 245 2684 10)
275 2634 423 2673 Introd.
457 2639 484 2672 t.
511 2635 554 2680 V,
585 2649 622 2686 p.
646 2634 779 2681 2141,
811 2639 893 2673 not.
914 2633 954 2672 3.

176 2710 247 2761 ll)
280 2710 443 2749 Scholia
472 2711 509 2748 iu
534 2711 699 2760 Jobmn,
730 2712 823 2750 edit.
847 2713 905 2758 ll,
936 2726 972 2761 p.
992 2711 1059 2748 46.
