1968 3095
211 175 262 213 58
829 176 922 214 Pars
952 176 1003 213 11.
1067 177 1158 226 Cap.
1185 176 1214 213 1.

209 291 445 340 ponantur,
491 284 800 340 doceaturque,
841 287 1009 340 quantis
1048 285 1269 327 beneficiis
1310 284 1410 325 inde
1442 284 1496 326 ab
1537 285 1844 340 antiquissimis

209 361 471 416 temporibus
513 361 632 403 Deus
682 362 879 418 populum
930 378 1053 405 suum
1101 363 1185 406 sibi
1229 363 1526 405 obstrinxerit.
1606 363 1844 419 Permagua

209 442 363 482 deinde
402 439 658 494 psalmorum
697 455 793 495 pars
832 444 875 483 in
917 441 1176 498 deploranda
1216 442 1386 484 fortuna
1423 441 1603 482 adversa
1634 450 1842 492 versatur,

210 521 291 574 qua
326 517 392 559 vel
424 518 604 573 populus
634 519 874 562 Hebraicus
904 522 946 561 in
979 523 1249 572 universum,
1299 520 1367 561 vel
1397 519 1557 575 singuli
1589 518 1721 560 Jovae
1752 518 1842 561 cul-

208 607 322 639 tores
362 596 663 652 Iahon-abant5-
688 598 841 653 quibus
882 598 1066 655 querelis
1107 614 1252 654 preces
1291 600 1525 648 accedunt,
1577 607 1622 638 ut
1661 597 1843 640 adflictis

209 675 372 717 auxilio
414 691 491 716 suo
531 677 641 716 adsit
673 675 816 727 Deus,
867 679 1182 732 gratiarumque
1223 680 1333 718 actio
1375 691 1449 732 pro
1490 677 1744 731 praestando
1776 675 1840 717 vel

207 757 406 811 praestito
434 756 524 808 jam
555 754 734 795 auxilio.
812 754 1086 804 Quaesiveris
1117 757 1326 807 fortasse,
1376 758 1447 812 qui
1477 755 1636 796 sactum
1668 757 1746 805 sit,
1798 764 1841 795 ut

210 844 269 875 tot
307 831 483 888 querula
525 835 712 874 carmina
755 833 1050 874 Hebraeorum
1095 840 1244 888 poetae
1285 834 1496 875 fuderint?
1549 833 1676 874 Haud
1710 831 1839 889 longe

206 915 301 966 ejus
333 913 393 952 rei
424 925 551 951 causa
583 912 826 965 repetenda.
890 911 1085 967 Namque
1117 914 1151 953 si
1182 915 1369 968 iniquam
1403 913 1712 966 perpendamus
1745 926 1837 953 sor—

207 1001 316 1041 tem,
351 1004 472 1045 quam
495 989 683 1030 Hebraei
707 992 804 1031 inde
828 1005 851 1030 a
873 991 1012 1031 diviso
1041 1001 1134 1046 post
1160 992 1404 1032 Salomonis
1437 991 1658 1032 decessum
1690 1004 1840 1045 regno,

206 1071 392 1111 maxime
422 1082 525 1109 vero
559 1067 678 1108 exilii
703 1068 923 1121 Assyriaci
953 1079 1078 1124 atque
1101 1069 1354 1123 Babylonici
1380 1070 1666 1124 temporibus,
1698 1069 1841 1110 subie-

205 1156 321 1196 runt,
356 1147 562 1187 fateamur
594 1161 767 1187 necesse
799 1155 886 1197 est,
921 1147 1176 1188 uberrimam
1208 1148 1502 1189 Hebraeorum
1534 1149 1672 1203 poetis
1705 1147 1838 1188 fuisse

209 1227 452 1275 materiam,
494 1234 536 1265 et
566 1224 709 1280 populi
740 1227 830 1276 sui,
865 1235 905 1266 et
937 1240 1053 1266 suam
1086 1227 1271 1280 ipsorum
1308 1227 1518 1266 fortunam
1553 1225 1812 1280 deplorandi.

899 1360 935 1408 ξ.
977 1358 1150 1400 XXIX.

320 1459 513 1501 Psalmos
555 1460 739 1514 excipiat
784 1458 1111 1516 proverbiorum
1150 1460 1288 1510 liber,
1344 1461 1413 1514 qui
1455 1458 1596 1500 tribus
1635 1459 1842 1514 partibus

209 1541 457 1595 duplicique
495 1538 737 1593 adpemlc'ce
775 1537 1024 1579 absolvitur.
1097 1536 1274 1578 Librum
1310 1537 1422 1578 hunc
1455 1552 1538 1578 non
1572 1539 1615 1578 in
1650 1553 1734 1579 uno
1767 1553 1842 1580 eo-

208 1621 386 1674 demque
418 1619 580 1657 versari
612 1625 885 1672 argumento,
929 1617 1002 1656 sed
1035 1617 1346 1657 diversissimas
1388 1630 1457 1657 res
1497 1626 1705 1669 tractare,
1749 1619 1842 1672 ipsa

207 1699 270 1739 rei
303 1706 453 1738 natura
484 1696 618 1736 docet.
679 1695 727 1735 In
755 1699 905 1750 priore?
932 1695 1039 1736 libra·
1062 1702 1196 1752 parte
1228 1698 1344 1750 (cap.
1371 1694 1572 1748 l—lx)
1604 1697 1840 1750 sapientiae

208 1776 396 1818 studium
439 1775 785 1825 commendatur,
836 1775 1012 1829 ejusque
1053 1775 1182 1815 studii
1225 1782 1494 1828 exponuntur
1536 1772 1838 1817 emolumenta.

207 1854 451 1908 Sapientiae
483 1854 673 1908 quisquis
700 1853 869 1893 deditus
893 1862 977 1902 est,
1009 1854 1218 1906 potiorem
1247 1861 1423 1907 argento
1452 1866 1640 1906 auroque
1671 1852 1843 1895 thesau-

207 1947 299 1972 rum
330 1933 542 1981 inveniet,
586 1931 837 1984 felicemque
869 1939 909 1970 et
938 1929 991 1969 ab
1024 1931 1139 1969 omni
1170 1928 1456 1970 sollicitudine
1488 1938 1685 1984 metuque
1715 1945 1838 1972 secu—-

209 2025 296 2052 ram
330 2011 455 2065 deget
484 2011 628 2050 vitam.
697 2008 885 2049 Vitanda
919 2007 1209 2060 improborum
1240 2009 1394 2063 agendi
1424 2010 1561 2058 ratio,
1606 2009 1840 2050 sinceritati

208 2092 250 2130 in
284 2089 482 2130 omnibus
520 2088 647 2130 rebus
687 2088 956 2129 studendum.
1026 2086 1260 2127 Vitandum
1301 2101 1395 2127 cum
1425 2088 1649 2141 impudicis
1689 2086 1841 2128 mulie-

208 2167 326 2209 ribus
359 2169 685 2217 commercium,
720 2168 827 2221 quod
860 2175 974 2206 certa
998 2176 1139 2205 munet
1179 2166 1411 2219 pernicie-33
1444 2163 1659 2220 legitimae
1691 2164 1838 2206 inhae-

208 2248 386 2289 rendum
423 2248 572 2296 uxori,
609 2248 731 2298 cujus
760 2244 1004 2285 dulcissima
1034 2253 1098 2284 est
1129 2242 1411 2284 familiaritas.
1471 2242 1784 2284 Abstinendum
1814 2258 1839 2285 a

208 2324 508 2381 sponsionibus
534 2323 797 2371 inconsultis;
831 2325 1009 2372 desidia,
1044 2321 1340 2371 fraudulentia,
1371 2320 1583 2375 superbia,
1614 2323 1837 2374 injustitia,

206 2403 314 2445 salsa
345 2404 597 2450 tostinmnia,
626 2404 948 2457 jurgiorumque
981 2403 1242 2442 irritamenta
1273 2400 1485 2454 fugienda.
1546 2401 1707 2441 Altera
1734 2414 1837 2454 pro-

207 2481 450 2523 verbiorum
479 2493 586 2533 pars
616 2484 725 2534 (cap.
752 2481 795 2520 Χ
816 2506 872 2512 —-
893 2480 1065 2533 XXIV)
1096 2478 1276 2532 aiiwlam
1308 2487 1627 2532 praeceptorum
1660 2477 1837 2519 exbibet

210 2562 402 2614 copiam,
452 2573 629 2613 quorum
669 2557 865 2612 pleraque
906 2560 956 2598 ad
998 2560 1108 2599 vitae
1141 2571 1390 2610 morumque
1424 2558 1636 2610 pertinent
1666 2557 1836 2597 institu-

209 2639 382 2678 tionem.
453 2635 784 2678 Commcndatur
819 2638 1014 2689 justitiae
1056 2637 1264 2685 studium,
1311 2637 1487 2689 ejusque
1520 2635 1681 2675 fructus
1711 2642 1835 2689 atque

210 2718 395 2768 praemia
430 2722 734 2770 proponuntur.
805 2716 1016 2757 Justitiam
1049 2716 1119 2770 qui
1152 2713 1317 2764 colunt,
1359 2723 1398 2755 et
1432 2715 1608 2755 durante
1643 2712 1750 2762 vita,
1793 2721 1835 2753 et
