2000 3031
491 168 544 204 De
572 169 715 217 origine
743 175 775 207 et
804 169 925 206 causis
947 170 1096 217 poeseos
1126 167 1343 205 Hebraicae.
1678 167 1733 206 25

109 277 386 334 spectandum
417 285 554 328 esset,
585 290 661 317 eos
684 278 812 317 etiam
841 290 866 317 a
893 281 1072 332 poeseos
1099 277 1238 318 studio
1263 274 1375 316 haud
1400 273 1566 317 alienos
1588 275 1735 317 fuisse.

111 355 170 398 At
203 370 302 398 vero
331 369 383 396 ea
412 369 480 396 res
511 352 639 410 longe
669 352 794 395 aliter
833 353 957 396 nobis
995 355 1176 397 videtur.
1247 351 1425 395 Constat
1463 355 1598 405 enim,
1645 354 1739 396 He-

112 435 290 487 braeos,
341 435 470 475 vitam
500 431 753 488 pastoralem
782 441 983 488 agentes,
1031 431 1278 486 Aegyptiis,
1323 446 1520 487 agrorum
1551 433 1737 474 maxime

112 512 304 554 culturae
343 513 522 562 deditis,
571 512 802 552 contemtui
840 510 973 551 fuisse
1002 510 1091 563 ³⁰),
1137 511 1436 565 sejunctosque
1477 510 1530 551 ab
1572 509 1658 552 illis
1692 512 1738 552 in

114 591 372 633 Gosenitide
402 606 496 632 cum
528 589 730 646 gregibus
760 591 849 630 suis
881 588 1062 643 degisse.
1121 587 1187 628 Ea
1217 590 1434 643 utriusque
1467 587 1608 643 populi
1639 603 1739 630 eon-

110 670 270 724 ditjoue
319 671 582 711 rarissimum
631 667 927 708 Hebraeorum
978 679 1074 706 cum
1124 664 1344 720 Aegyptiis
1389 666 1524 707 fuisse
1574 667 1740 708 videtur

112 751 436 798 commercium,
487 748 706 789 rarissima
746 747 875 801 igitur
919 752 962 785 et
1000 745 1292 798 opportunitas
1332 745 1738 800 cognoscendarum,

110 841 219 882 quae
251 826 305 868 ab
334 826 557 882 Aegyptiis
588 823 858 874 colebantur,
902 824 1054 863 artium
1086 832 1210 878 atque
1240 824 1527 865 scientiarum.
1601 823 1739 874 Adde,

111 905 224 960 quod
253 905 505 960 procedente
541 914 729 959 tempore
757 900 947 943 Hebraei
977 902 1129 941 mirum
1161 902 1204 941 in
1235 900 1415 940 modum·
1436 898 1490 940 ab
1518 899 1741 955 Aegyptiis

109 982 276 1032 vexati,
319 980 630 1037 servilibusque
661 980 863 1036 operibus
893 978 1031 1020 obruti
1061 980 1235 1021 fuerint.
1302 976 1422 1026 Quae
1451 991 1520 1018 res
1547 979 1740 1033 ingenio-

109 1073 203 1100 rum
236 1059 364 1100 cultui
396 1061 439 1100 iu
471 1061 741 1110 universum,
795 1060 982 1099 maxime
1022 1071 1123 1098 vero
1164 1062 1342 1112 poeseos
1381 1056 1532 1097 studiis
1563 1057 1741 1100 obstitit.

110 1135 388 1193 Nequaquam
429 1140 543 1178 enim
582 1139 636 1179 ad
675 1137 889 1192 poeticum
928 1137 1121 1176 ardorem
1161 1136 1340 1176 excitari
1378 1143 1516 1189 potest
1553 1135 1737 1185 animus,

111 1214 184 1255 ubi
226 1218 426 1255 aerumna
465 1225 590 1269 atque
631 1216 855 1255 vexatione
896 1213 1126 1269 adfligitur.
1200 1213 1280 1253 His
1312 1213 1471 1253 inducti
1504 1212 1740 1254 rationibus

112 1297 292 1347 poeseos
313 1292 554 1333 Hebraicae
586 1294 790 1347 originem
815 1294 887 1332 vix
912 1290 1061 1342 altius,
1095 1306 1217 1347 quam
1246 1291 1344 1331 inde
1375 1305 1398 1330 a
1431 1290 1571 1331 Masis
1602 1300 1740 1331 aetate

111 1371 384 1425 repetendam
414 1385 508 1411 esse
540 1385 775 1412 censemus.
846 1370 968 1419 Quae
997 1372 1033 1410 si
1076 1368 1307 1425 probabilis
1344 1370 1578 1419 sententia,
1628 1369 1742 1410 haud

111 1457 269 1488 temere
315 1463 392 1489 nos
435 1449 620 1490 facturos
656 1451 973 1498 existimamus,
1020 1450 1057 1489 si
1093 1449 1241 1488 eodem
1280 1446 1355 1487 illo
1396 1457 1610 1501 tempore,
1658 1462 1741 1502 quo

113 1523 281 1581 legibus
321 1528 502 1581 primum
542 1529 753 1578 coerceri,
799 1537 840 1568 et
869 1527 920 1567 ad
952 1529 1078 1566 vitam
1111 1525 1276 1567 civilem
1309 1527 1577 1580 numinisque
1609 1527 1744 1567 divini

112 1603 332 1645 meliorem
357 1603 510 1645 cultum
543 1606 681 1658 coepit
711 1607 873 1646 institui
903 1604 1078 1660 populus
1107 1603 1360 1653 Hebraicus,
1391 1605 1537 1658 poesin
1560 1617 1740 1658 quoque,

113 1696 201 1722 rem
235 1683 285 1722 ad
315 1682 560 1722 formandos
583 1681 798 1724 hominum
823 1685 987 1723 animos
1020 1681 1382 1730 efficacissimam,
1415 1690 1581 1720 enatam
1608 1680 1740 1721 fuisse

116 1759 432 1800 contendamus.

861 1885 898 1933 ξ.
939 1883 995 1923 Χ.

227 1982 286 2026 Ut
316 1993 455 2025 autem
486 1983 559 2024 illo
590 1985 681 2038 ipso
712 1991 901 2038 tempore
936 1987 1117 2038 poeseos
1155 1983 1343 2024 studium
1374 1983 1484 2038 apud
1518 1982 1741 2023 Hebraeos

115 2049 380 2112 exoriretur,
435 2061 624 2116 pluribus
658 2064 797 2103 causis
828 2062 1026 2102 effectum
1058 2069 1134 2102 est.
1204 2060 1253 2102 In
1287 2061 1438 2116 quibus
1468 2063 1646 2116 primum
1678 2059 1743 2100 lo-

115 2155 210 2182 cum
242 2140 448 2181 libertati
470 2140 713 2190 tribuerim,
755 2154 878 2195 quam
909 2139 1035 2180 Mose
1064 2141 1168 2180 duce
1199 2139 1389 2180 Hebraei
1420 2150 1506 2181 tum
1539 2139 1742 2192 temporis

117 2228 490 2272 recuperaverunt.
569 2216 662 2258 Jam
709 2226 804 2258 ante
844 2219 1050 2258 monitum
1097 2218 1205 2270 fuit,
1260 2217 1513 2267 Hebraeos,
1564 2232 1659 2257 cum
1699 2219 1742 2256 in

115 2294 311 2350 Aegypto
343 2295 570 2351 degerent,
604 2295 656 2336 ab
679 2295 795 2337 illius
824 2305 961 2337 terrae
992 2295 1163 2352 regibus
1191 2296 1233 2336 in
1266 2297 1510 2337 servitutem
1535 2297 1742 2345 redactos,

119 2373 425 2428 servilibusque
456 2373 657 2429 operibus
690 2388 918 2430 oppressos
949 2373 1095 2415 fuisse.
1163 2374 1222 2416 At
1253 2387 1352 2415 vero
1381 2373 1608 2415 servilibus
1640 2387 1743 2427 ope-

117 2451 236 2492 ribus
267 2466 512 2506 oppressum
541 2467 677 2508 neque
707 2455 861 2494 artium
892 2451 1155 2504 liberalium,
1206 2466 1342 2508 neque
1382 2451 1584 2502 aliarum,
1636 2464 1742 2505 quae

177 2631 252 2683 30)
294 2632 315 2669 l
342 2632 445 2670 Mos,
470 2632 623 2680 ΧΙΝΙ,
654 2632 729 2671 34:
771 2643 854 2688 με
887 2640 972 2674 ι-ευη
1005 2632 1058 2674 ⁷2:
1091 2643 1231 2678 taff-22⁷2
1264 2643 1428 2678 namn,
1460 2632 1742 2671 abominabiles

239 2699 448 2752 Aegyptiis
481 2712 622 2738 omues.
645 2713 826 2751 pecorum
858 2705 1053 2752 pastores.
