1958 2947
298 128 353 164 De
382 135 597 176 armamento
629 130 854 177 diversisque
881 131 1074 179 generibus
1102 131 1309 167 carminum
1338 128 1593 166 Arabicorum.
1710 131 1762 169 85

136 235 298 277 tumulo
321 236 553 288 clauditur,
595 237 706 280 haud
730 241 925 294 cuiquam
955 238 1029 280 alii
1061 237 1181 280 licuit
1206 237 1507 287 inclarescere3
1537 240 1628 294 ipse
1650 242 1763 282 enim

131 315 359 356 virtutibus
397 316 486 355 suis
517 317 705 356 omnium
736 315 900 371 gloriae
933 317 1158 359 officiebat.
1219 316 1454 372 Margarita
1483 327 1576 359 erat
1605 319 1763 372 pretio-

132 395 327 444 sissima,
376 394 500 447 cujus
541 394 788 448 dignitatem
821 409 906 434 non
938 410 1013 449 pro
1046 397 1197 436 merito
1230 395 1513 436 aestimabant
1542 394 1760 443 homines-13

133 481 391 527 quapropter
422 485 567 511 rursus
598 473 640 511 in
672 470 877 512 concham
909 487 932 513 a
960 472 1055 514 Deo
1087 465 1305 514 recondita
1337 473 1429 514 fuit.
1489 474 1659 528 Lugent
1688 473 1760 514 de-

129 548 319 590 functum
350 547 524 589 coelum·
546 556 769 605 terraque,
810 549 1061 591 obscuratur
1091 549 1181 600 sol,
1217 550 1361 605 pluvia
1391 553 1588 606 ventique
1618 559 1758 592 vestes

129 641 229 682 prae
259 640 451 668 moerore
482 628 695 669 scindunt.
765 626 940 669 Utinam
972 628 1106 670 nubes
1145 631 1375 669 matutinae
1407 630 1543 671 imbre
1586 631 1756 684 copioso

129 704 337 747 tumulum
376 706 540 760 rigent,
593 719 843 761 semperque
883 708 1087 748 virentem
1130 707 1320 748 reddant.
1379 731 1427 737 —
1490 707 1616 748 Haud
1658 722 1754 748 raro

128 782 318 839 elegiaca
336 783 525 824 Arabum
557 787 744 825 carmina
772 784 1079 825 vehementiori
1102 785 1294 825 feruntur
1316 787 1493 840 spiritu,
1526 800 1648 840 quam
1679 800 1752 840 pro

129 871 275 903 nostro
304 876 455 912 sensu,
489 863 541 904 ad
566 868 788 918 poetarum
809 862 1066 904 Graecorum
1094 861 1463 918 Romanorumque
1493 862 1754 918 exemplaria

128 939 350 995 expolito,
407 939 539 996 elegis
582 943 810 982 convenire
853 951 1035 995 putatur.
1114 941 1172 981 At
1212 956 1312 983 vero
1354 946 1493 983 omnis
1534 941 1749 982 hominum

126 1018 394 1060 orientalium
425 1021 636 1060 sentiendi
667 1023 774 1061 ratio
806 1022 1021 1060 incitatior
1050 1028 1172 1073 atque
1204 1019 1494 1059 vehementior
1523 1034 1647 1074 quam
1680 1033 1751 1059 oc—

126 1096 422 1145 cidentalium3
477 1112 606 1153 quare
646 1108 687 1139 et
727 1097 887 1138 doloris
928 1111 1109 1147 sensus,
1159 1106 1201 1137 et
1232 1098 1301 1151 qui
1341 1095 1459 1137 illum
1493 1099 1748 1151 exprimunt,

127 1172 315 1228 planctus
347 1174 570 1230 threnique
600 1178 863 1216 incitatior-es
893 1185 1015 1216 erunt
1045 1185 1168 1230 atque
1201 1174 1554 1215 vehementiores.
1622 1174 1748 1226 Quod

125 1266 226 1293 vero
254 1253 549 1295 Eichleornius
580 1256 797 1295 contendit
826 1257 913 1304 72),
946 1251 1112 1293 Sultani
1147 1251 1311 1292 Chalai
1332 1253 1543 1292 interitum
1574 1252 1626 1293 ab
1647 1252 1746 1294 Ebu

124 1331 383 1373 Arabsckah
413 1335 455 1373 in
488 1334 572 1372 vita
613 1332 779 1374 Tz‘mnrz'
807 1333 993 1372 carmine
1025 1329 1173 1370 defleri
1204 1328 1419 1385 elegiaco,
1459 1329 1570 1384 quod
1596 1331 1744 1384 imagi-

125 1409 274 1460 nibus,
305 1413 437 1466 tropis
458 1410 692 1466 figurisque
715 1412 889 1451 nimium
921 1407 1044 1449 elatis
1075 1417 1264 1462 turgeat,
1298 1409 1442 1448 nescio
1473 1409 1555 1462 qua
1586 1409 1746 1462 impru-

123 1488 290 1538 demis,
337 1499 409 1529 aut
443 1504 524 1544 quo
564 1490 792 1529 memoriae
830 1486 950 1541 lapsu
980 1487 1137 1526 factum
1169 1487 1238 1526 sit.
1307 1483 1500 1540 Namque
1532 1486 1744 1539 ejusmodi

122 1580 289 1607 carmen
318 1572 362 1608 in
397 1567 562 1608 Chalia·
588 1566 749 1607 obitum
781 1566 972 1618 nuspiam
1004 1566 1046 1604 in
1078 1564 1244 1604 Timum·
1269 1565 1353 1603 vita
1377 1564 1627 1610 offenditur3
1661 1565 1742 1603 nisi

121 1643 228 1684 forte
258 1644 512 1685 versiculum
543 1654 609 1685 sat
638 1645 859 1698 jejunum,
899 1656 1021 1697 quem
1051 1640 1378 1691 Schazltmolka,
1425 1641 1590 1682 chami
1616 1656 1739 1691 uxor,

121 1723 265 1762 audito
307 1722 446 1763 mariti
491 1721 604 1761 obitu
644 1720 869 1775 protulisse
901 1721 1078 1768 dicitur,
1133 1720 1330 1759 carminis
1361 1717 1537 1774 elegiaci
1571 1721 1740 1759 nomine

123 1799 226 1841 velis
255 1800 474 1855 insignire,
536 1798 836 1853 Suspicamur,
867 1797 1134 1838 Eichhornw
1167 1811 1334 1838 carmen
1367 1796 1494 1847 illud,
1533 1812 1615 1852 quo
1645 1811 1739 1837 nar-

121 1880 227 1919 ratio
260 1879 311 1918 de
350 1878 516 1919 Te’mnri
552 1877 670 1917 obitu
709 1875 918 1916 clauditur
962 1876 1059 1928 ⁷³),
1111 1875 1380 1915 obversatum
1419 1876 1576 1924 fuisse,
1628 1876 1736 1929 quod

122 1965 258 1997 tamen
293 1972 375 1997 non
407 1956 629 2011 elegiacis,
661 1969 808 1995 verum
839 1952 1053 2008 probrosis
1083 1952 1444 1992 adnumerandum
1467 1953 1736 1993 carminibus.

793 2095 828 2137 ξ.
871 2088 1038 2130 XLIX.

236 2191 390 2231 Poesin
431 2189 660 2245 elegiacam
705 2191 892 2243 sequitur
931 2189 1103 2239 ethica,
1147 2189 1268 2242 cnjus
1300 2187 1407 2228 band
1441 2190 1594 2242 exigua
1625 2188 1734 2241 apud

123 2267 287 2310 Arabes
324 2268 533 2310 habentur
574 2270 844 2308 monimenta.
906 2266 1031 2308 Genti
1080 2267 1290 2308 Arabicae
1328 2268 1415 2320 jam
1469 2266 1613 2306 nature}
1660 2267 1734 2305 sua

178 2495 249 2542 72)
292 2495 467 2532 Historia
498 2494 728 2532 literaturae
759 2494 910 2539 tom.l,
944 2492 1098 2545 2593.

180 2594 250 2642 73)
291 2594 473 2631 Almiedis
504 2593 748 2632 Arabsiadac
776 2594 880 2633 vitae
910 2599 950 2631 ct
981 2607 1056 2631 rer.
1086 2596 1237 2645 gestar.
1271 2591 1423 2629 Timuri
1460 2590 1644 2635 historia2
1686 2603 1735 2627 ex

236 2661 329 2700 edit.
361 2661 559 2714 Mangeri,
591 2666 618 2699 t.
644 2663 692 2708 ΙΙ,
727 2662 769 2700 l'.
802 2663 837 2708 Ι,
871 2676 906 2713 p.
929 2659 1186 2699 494-510.
