<?xml version="1.0" encoding="UTF-8"?>
<!DOCTYPE html PUBLIC "-//W3C//DTD XHTML 1.0 Transitional//EN"
    "http://www.w3.org/TR/xhtml1/DTD/xhtml1-transitional.dtd">
<html xmlns="http://www.w3.org/1999/xhtml" xml:lang="en" lang="en">
 <head>
  <title>
</title>
<meta http-equiv="Content-Type" content="text/html;charset=utf-8" />
  <meta name='ocr-system' content='tesseract 3.04.00' />
  <meta name='ocr-capabilities' content='ocr_page ocr_carea ocr_par ocr_line ocrx_word'/>
</head>
<body>
  <div class='ocr_page' id='page_1' title='image "./depoeseoshebraic00wenruoft_0038.png"; bbox 0 0 1999 3126; ppageno 0'>
   <div class='ocr_carea' id='block_1_1' title="bbox 223 206 1220 255">
    <p class='ocr_par' dir='ltr' id='par_1_1' title="bbox 223 206 1220 255">
     <span class='ocr_line' id='line_1_1' title="bbox 223 206 1220 255; baseline -0.003 -10"><span class='ocrx_word' id='word_1_1' title='bbox 223 207 277 245; x_wconf 84' lang='lat'><strong>26</strong></span> <span class='ocrx_word' id='word_1_2' title='bbox 849 207 943 245; x_wconf 82' lang='lat' dir='ltr'><strong>Pars</strong></span> <span class='ocrx_word' id='word_1_3' title='bbox 974 207 1006 244; x_wconf 91' lang='lat'><strong>1.</strong></span> <span class='ocrx_word' id='word_1_4' title='bbox 1067 206 1160 255; x_wconf 82' lang='lat' dir='ltr'><strong>Cap.</strong></span> <span class='ocrx_word' id='word_1_5' title='bbox 1190 206 1220 242; x_wconf 89' lang='lat'><strong>1.</strong></span> 
     </span>
    </p>
   </div>
   <div class='ocr_carea' id='block_1_2' title="bbox 214 314 1859 1238">
    <p class='ocr_par' dir='ltr' id='par_1_2' title="bbox 214 314 1859 1238">
     <span class='ocr_line' id='line_1_2' title="bbox 217 314 1852 373; baseline -0.001 -17"><span class='ocrx_word' id='word_1_6' title='bbox 217 319 425 373; x_wconf 87' lang='lat' dir='ltr'><strong>ingenuos</strong></span> <span class='ocrx_word' id='word_1_7' title='bbox 456 318 630 366; x_wconf 85' lang='lat' dir='ltr'><strong>decent,</strong></span> <span class='ocrx_word' id='word_1_8' title='bbox 663 324 803 356; x_wconf 85' lang='lat' dir='ltr'><strong>rerum</strong></span> <span class='ocrx_word' id='word_1_9' title='bbox 833 316 1252 372; x_wconf 83' lang='lat' dir='ltr'><strong>studiis&#39;quidquam-</strong></span> <span class='ocrx_word' id='word_1_10' title='bbox 1274 314 1477 366; x_wconf 76' lang='lat' dir='ltr'><strong>tribuere,</strong></span> <span class='ocrx_word' id='word_1_11' title='bbox 1510 328 1596 356; x_wconf 90' lang='lat' dir='ltr'><strong>non</strong></span> <span class='ocrx_word' id='word_1_12' title='bbox 1627 316 1852 371; x_wconf 46' lang='lat' dir='ltr'><strong>035³ssun</strong></span> 
     </span>
     <span class='ocr_line' id='line_1_3' title="bbox 219 391 1856 451; baseline -0.001 -15"><span class='ocrx_word' id='word_1_13' title='bbox 219 409 480 436; x_wconf 86' lang='lat' dir='ltr'><strong>moneamus.</strong></span> <span class='ocrx_word' id='word_1_14' title='bbox 542 392 704 434; x_wconf 83' lang='lat' dir='ltr'>Contra</span> <span class='ocrx_word' id='word_1_15' title='bbox 731 391 929 435; x_wconf 81' lang='lat' dir='ltr'><strong>libertate</strong></span> <span class='ocrx_word' id='word_1_16' title='bbox 958 396 996 435; x_wconf 88' lang='lat' dir='ltr'><strong>si</strong></span> <span class='ocrx_word' id='word_1_17' title='bbox 1026 393 1121 451; x_wconf 83' lang='lat' dir='ltr'><strong>quis</strong></span> <span class='ocrx_word' id='word_1_18' title='bbox 1149 393 1317 437; x_wconf 78' lang='lat' dir='ltr'><strong>fruatur</strong></span> <span class='ocrx_word' id='word_1_19' title='bbox 1331 414 1349 446; x_wconf 87' lang='lat'><strong>,·</strong></span> <span class='ocrx_word' id='word_1_20' title='bbox 1373 396 1552 436; x_wconf 64' lang='lat' dir='ltr'><strong>animus*</strong></span> <span class='ocrx_word' id='word_1_21' title='bbox 1572 396 1856 435; x_wconf 70' lang='lat' dir='ltr'><strong>inconcussus</strong></span> 
     </span>
     <span class='ocr_line' id='line_1_4' title="bbox 218 469 1856 530; baseline -0.001 -16"><span class='ocrx_word' id='word_1_22' title='bbox 218 471 342 515; x_wconf 84' lang='lat' dir='ltr'><strong>facile</strong></span> <span class='ocrx_word' id='word_1_23' title='bbox 374 474 424 514; x_wconf 78' lang='lat' dir='ltr'><strong>ad</strong></span> <span class='ocrx_word' id='word_1_24' title='bbox 457 473 612 514; x_wconf 88' lang='lat' dir='ltr'><strong>altiora</strong></span> <span class='ocrx_word' id='word_1_25' title='bbox 637 486 829 528; x_wconf 86' lang='lat' dir='ltr'><strong>quaeque</strong></span> <span class='ocrx_word' id='word_1_26' title='bbox 861 473 1011 515; x_wconf 84' lang='lat' dir='ltr'><strong>fertur.</strong></span> <span class='ocrx_word' id='word_1_27' title='bbox 1072 473 1119 515; x_wconf 88' lang='lat' dir='ltr'><strong>ld</strong></span> <span class='ocrx_word' id='word_1_28' title='bbox 1149 476 1286 530; x_wconf 89' lang='lat' dir='ltr'><strong>ipsum</strong></span> <span class='ocrx_word' id='word_1_29' title='bbox 1317 469 1856 529; x_wconf 51' lang='lat' dir='ltr'><strong>Hebraeisquoqueaoved</strong></span> 
     </span>
     <span class='ocr_line' id='line_1_5' title="bbox 219 547 1856 609; baseline -0.001 -17"><span class='ocrx_word' id='word_1_30' title='bbox 219 554 333 593; x_wconf 84' lang='lat' dir='ltr'><strong>nisse</strong></span> <span class='ocrx_word' id='word_1_31' title='bbox 369 560 532 592; x_wconf 88' lang='lat' dir='ltr'><strong>certum</strong></span> <span class='ocrx_word' id='word_1_32' title='bbox 564 560 642 593; x_wconf 86' lang='lat' dir='ltr'><strong>est.</strong></span> <span class='ocrx_word' id='word_1_33' title='bbox 717 550 929 599; x_wconf 78' lang='lat' dir='ltr'>Quamdiu</span> <span class='ocrx_word' id='word_1_34' title='bbox 970 555 1083 594; x_wconf 89' lang='lat' dir='ltr'><strong>enim</strong></span> <span class='ocrx_word' id='word_1_35' title='bbox 1125 552 1180 594; x_wconf 82' lang='lat' dir='ltr'><strong>ab</strong></span> <span class='ocrx_word' id='word_1_36' title='bbox 1219 553 1404 608; x_wconf 81' lang='lat' dir='ltr'><strong>Aegypti</strong></span> <span class='ocrx_word' id='word_1_37' title='bbox 1446 549 1619 609; x_wconf 76' lang='lat' dir='ltr'><strong>regibus</strong></span> <span class='ocrx_word' id='word_1_38' title='bbox 1660 547 1856 606; x_wconf 63' lang='lat' dir='ltr'><strong>oppressi</strong></span> 
     </span>
     <span class='ocr_line' id='line_1_6' title="bbox 217 627 1854 686; baseline -0.001 -16"><span class='ocrx_word' id='word_1_39' title='bbox 217 630 496 681; x_wconf 77' lang='lat' dir='ltr'><strong>tenebantur,</strong></span> <span class='ocrx_word' id='word_1_40' title='bbox 552 629 614 672; x_wconf 90' lang='lat' dir='ltr'><strong>nil</strong></span> <span class='ocrx_word' id='word_1_41' title='bbox 656 643 711 671; x_wconf 85' lang='lat' dir='ltr'><strong>ex</strong></span> <span class='ocrx_word' id='word_1_42' title='bbox 752 627 899 670; x_wconf 84' lang='lat' dir='ltr'><strong>eorum</strong></span> <span class='ocrx_word' id='word_1_43' title='bbox 943 630 1071 672; x_wconf 85' lang='lat' dir='ltr'><strong>rebus</strong></span> <span class='ocrx_word' id='word_1_44' title='bbox 1113 630 1357 672; x_wconf 84' lang='lat' dir='ltr'><strong>memoriae</strong></span> <span class='ocrx_word' id='word_1_45' title='bbox 1390 632 1599 686; x_wconf 85' lang='lat' dir='ltr'><strong>proditum</strong></span> <span class='ocrx_word' id='word_1_46' title='bbox 1644 628 1854 678; x_wconf 53' lang='lat' dir='ltr'><strong>videmu&#39;ffi</strong></span> 
     </span>
     <span class='ocr_line' id='line_1_7' title="bbox 219 707 1859 765; baseline -0.001 -16"><span class='ocrx_word' id='word_1_47' title='bbox 219 710 301 749; x_wconf 84' lang='lat' dir='ltr'><strong>nisi</strong></span> <span class='ocrx_word' id='word_1_48' title='bbox 331 710 443 765; x_wconf 89' lang='lat' dir='ltr'><strong>quod</strong></span> <span class='ocrx_word' id='word_1_49' title='bbox 474 711 691 765; x_wconf 87' lang='lat' dir='ltr'><strong>ingentem</strong></span> <span class='ocrx_word' id='word_1_50' title='bbox 722 709 765 748; x_wconf 91' lang='lat' dir='ltr'><strong>in</strong></span> <span class='ocrx_word' id='word_1_51' title='bbox 796 708 1108 751; x_wconf 77' lang='lat' dir='ltr'><strong>multitudinem</strong></span> <span class='ocrx_word' id='word_1_52' title='bbox 1141 708 1319 765; x_wconf 87' lang='lat' dir='ltr'><strong>populus</strong></span> <span class='ocrx_word' id='word_1_53' title='bbox 1350 711 1605 760; x_wconf 80' lang='lat' dir='ltr'>accreverit,</span> <span class='ocrx_word' id='word_1_54' title='bbox 1637 717 1680 749; x_wconf 88' lang='lat' dir='ltr'><strong>et</strong></span> <span class='ocrx_word' id='word_1_55' title='bbox 1709 707 1859 759; x_wconf 57' lang='lat' dir='ltr'><strong>latagi&amp;-</strong></span> 
     </span>
     <span class='ocr_line' id='line_1_8' title="bbox 217 785 1857 844; baseline -0.001 -17"><span class='ocrx_word' id='word_1_56' title='bbox 217 787 297 828; x_wconf 88' lang='lat' dir='ltr'><strong>bus</strong></span> <span class='ocrx_word' id='word_1_57' title='bbox 338 789 570 844; x_wconf 81' lang='lat' dir='ltr'><strong>coquendis</strong></span> <span class='ocrx_word' id='word_1_58' title='bbox 611 800 785 842; x_wconf 82' lang='lat' dir='ltr'>operam</span> <span class='ocrx_word' id='word_1_59' title='bbox 818 789 1048 829; x_wconf 88' lang='lat' dir='ltr'><strong>navaverit.</strong></span> <span class='ocrx_word' id='word_1_60' title='bbox 1115 788 1202 830; x_wconf 84' lang='lat' dir='ltr'><strong>Sed</strong></span> <span class='ocrx_word' id='word_1_61' title='bbox 1244 786 1423 830; x_wconf 85' lang='lat' dir='ltr'><strong>simulac</strong></span> <span class='ocrx_word' id='word_1_62' title='bbox 1462 785 1857 832; x_wconf 40' lang='lat' dir='ltr'><strong>Marcet-beneficio</strong></span> 
     </span>
     <span class='ocr_line' id='line_1_9' title="bbox 220 863 1858 919; baseline 0.001 -13"><span class='ocrx_word' id='word_1_63' title='bbox 220 867 263 906; x_wconf 90' lang='lat' dir='ltr'><strong>in</strong></span> <span class='ocrx_word' id='word_1_64' title='bbox 289 864 530 908; x_wconf 83' lang='lat' dir='ltr'><strong>libertatem</strong></span> <span class='ocrx_word' id='word_1_65' title='bbox 553 867 827 907; x_wconf 84' lang='lat' dir='ltr'><strong>vindicantur</strong></span> <span class='ocrx_word' id='word_1_66' title='bbox 848 864 1056 917; x_wconf 83' lang='lat' dir='ltr'><strong>Hebraei,</strong></span> <span class='ocrx_word' id='word_1_67' title='bbox 1089 868 1201 908; x_wconf 88' lang='lat' dir='ltr'><strong>vires</strong></span> <span class='ocrx_word' id='word_1_68' title='bbox 1230 881 1329 909; x_wconf 85' lang='lat' dir='ltr'><strong>suas</strong></span> <span class='ocrx_word' id='word_1_69' title='bbox 1362 863 1736 919; x_wconf 54' lang='lat' dir='ltr'><strong>exserunt;⁴‘’bella</strong></span> <span class='ocrx_word' id='word_1_70' title='bbox 1754 877 1858 914; x_wconf 65' lang='lat' dir='ltr'><strong>oum</strong></span> 
     </span>
     <span class='ocr_line' id='line_1_10' title="bbox 217 942 1857 1001; baseline 0.001 -17"><span class='ocrx_word' id='word_1_71' title='bbox 217 943 413 988; x_wconf 81' lang='lat' dir='ltr'><strong>finitimis</strong></span> <span class='ocrx_word' id='word_1_72' title='bbox 437 954 612 1000; x_wconf 85' lang='lat' dir='ltr'><strong>gerunt,</strong></span> <span class='ocrx_word' id='word_1_73' title='bbox 643 954 706 995; x_wconf 90' lang='lat' dir='ltr'><strong>et,</strong></span> <span class='ocrx_word' id='word_1_74' title='bbox 738 946 931 1000; x_wconf 88' lang='lat' dir='ltr'><strong>quamvis</strong></span> <span class='ocrx_word' id='word_1_75' title='bbox 953 944 1068 986; x_wconf 86' lang='lat' dir='ltr'><strong>haud</strong></span> <span class='ocrx_word' id='word_1_76' title='bbox 1091 943 1189 986; x_wconf 78' lang='lat' dir='ltr'><strong>ra&#39;ro</strong></span> <span class='ocrx_word' id='word_1_77' title='bbox 1211 956 1358 987; x_wconf 89' lang='lat' dir='ltr'><strong>contra</strong></span> <span class='ocrx_word' id='word_1_78' title='bbox 1378 948 1516 1001; x_wconf 86' lang='lat' dir='ltr'><strong>ipsum</strong></span> <span class='ocrx_word' id='word_1_79' title='bbox 1541 942 1690 987; x_wconf 53' lang='lat' dir='ltr'><strong>dacem</strong></span> <span class='ocrx_word' id='word_1_80' title='bbox 1708 942 1857 994; x_wconf 60' lang='lat' dir='ltr'><strong>sunam</strong></span> 
     </span>
     <span class='ocr_line' id='line_1_11' title="bbox 217 1022 1852 1079; baseline 0 -15"><span class='ocrx_word' id='word_1_81' title='bbox 217 1023 409 1076; x_wconf 75' lang='lat' dir='ltr'><strong>mosem,</strong></span> <span class='ocrx_word' id='word_1_82' title='bbox 441 1024 689 1079; x_wconf 76' lang='lat' dir='ltr'><strong>insurgant,</strong></span> <span class='ocrx_word' id='word_1_83' title='bbox 725 1032 866 1064; x_wconf 87' lang='lat' dir='ltr'><strong>tamen</strong></span> <span class='ocrx_word' id='word_1_84' title='bbox 892 1032 933 1063; x_wconf 89' lang='lat' dir='ltr'><strong>et</strong></span> <span class='ocrx_word' id='word_1_85' title='bbox 955 1024 1007 1065; x_wconf 86' lang='lat' dir='ltr'><strong>ad</strong></span> <span class='ocrx_word' id='word_1_86' title='bbox 1030 1023 1207 1065; x_wconf 83' lang='lat' dir='ltr'><strong>meliora</strong></span> <span class='ocrx_word' id='word_1_87' title='bbox 1237 1029 1425 1066; x_wconf 88' lang='lat' dir='ltr'><strong>animum</strong></span> <span class='ocrx_word' id='word_1_88' title='bbox 1455 1035 1647 1079; x_wconf 77' lang='lat' dir='ltr'><strong>paratum</strong></span> <span class='ocrx_word' id='word_1_89' title='bbox 1678 1022 1852 1064; x_wconf 71' lang='lat' dir='ltr'><strong>habent.</strong></span> 
     </span>
     <span class='ocr_line' id='line_1_12' title="bbox 215 1100 1854 1159; baseline 0.001 -19"><span class='ocrx_word' id='word_1_90' title='bbox 215 1100 323 1141; x_wconf 90' lang='lat' dir='ltr'><strong>Eum</strong></span> <span class='ocrx_word' id='word_1_91' title='bbox 354 1115 456 1142; x_wconf 80' lang='lat' dir='ltr'><strong>vero</strong></span> <span class='ocrx_word' id='word_1_92' title='bbox 487 1103 619 1143; x_wconf 88' lang='lat' dir='ltr'><strong>animi</strong></span> <span class='ocrx_word' id='word_1_93' title='bbox 651 1101 843 1142; x_wconf 89' lang='lat' dir='ltr'><strong>habitum</strong></span> <span class='ocrx_word' id='word_1_94' title='bbox 882 1104 1026 1156; x_wconf 71' lang='lat' dir='ltr'><strong>poesi,</strong></span> <span class='ocrx_word' id='word_1_95' title='bbox 1075 1117 1181 1157; x_wconf 86' lang='lat' dir='ltr'><strong>quae</strong></span> <span class='ocrx_word' id='word_1_96' title='bbox 1223 1102 1364 1144; x_wconf 88' lang='lat' dir='ltr'><strong>soluto</strong></span> <span class='ocrx_word' id='word_1_97' title='bbox 1405 1100 1854 1159; x_wconf 56' lang='lat' dir='ltr'><strong>incitatoquemauimo</strong></span> 
     </span>
     <span class='ocr_line' id='line_1_13' title="bbox 214 1179 1814 1238; baseline 0.001 -18"><span class='ocrx_word' id='word_1_98' title='bbox 214 1181 380 1221; x_wconf 85' lang='lat' dir='ltr'><strong>innasci</strong></span> <span class='ocrx_word' id='word_1_99' title='bbox 411 1179 546 1232; x_wconf 80' lang='lat' dir='ltr'><strong>solet,</strong></span> <span class='ocrx_word' id='word_1_100' title='bbox 579 1181 1028 1223; x_wconf 80' lang='lat' dir='ltr'><strong>convenientissimum</strong></span> <span class='ocrx_word' id='word_1_101' title='bbox 1062 1195 1183 1233; x_wconf 86' lang='lat' dir='ltr'><strong>esse,</strong></span> <span class='ocrx_word' id='word_1_102' title='bbox 1219 1196 1344 1224; x_wconf 86' lang='lat' dir='ltr'><strong>nemo</strong></span> <span class='ocrx_word' id='word_1_103' title='bbox 1373 1191 1462 1233; x_wconf 81' lang='lat' dir='ltr'><strong>est,</strong></span> <span class='ocrx_word' id='word_1_104' title='bbox 1493 1183 1565 1238; x_wconf 87' lang='lat' dir='ltr'><strong>qui</strong></span> <span class='ocrx_word' id='word_1_105' title='bbox 1593 1183 1814 1238; x_wconf 44' lang='lat' dir='ltr'><strong>ignor-0132</strong></span> 
     </span>
    </p>
   </div>
   <div class='ocr_carea' id='block_1_3' title="bbox 957 1315 1108 1366">
    <p class='ocr_par' dir='ltr' id='par_1_3' title="bbox 957 1315 1108 1366">
     <span class='ocr_line' id='line_1_14' title="bbox 957 1315 1108 1366; baseline 0.013 -12"><span class='ocrx_word' id='word_1_106' title='bbox 957 1318 994 1366; x_wconf 65' lang='grc' dir='ltr'><strong>ς.</strong></span> <span class='ocrx_word' id='word_1_107' title='bbox 1028 1315 1108 1356; x_wconf 79' lang='lat' dir='ltr'><strong>xl.</strong></span> 
     </span>
    </p>
   </div>
   <div class='ocr_carea' id='block_1_4' title="bbox 217 1415 1855 2727">
    <p class='ocr_par' dir='ltr' id='par_1_4' title="bbox 217 1415 1855 2727">
     <span class='ocr_line' id='line_1_15' title="bbox 331 1415 1855 1473; baseline -0.001 -16"><span class='ocrx_word' id='word_1_108' title='bbox 331 1417 504 1458; x_wconf 84' lang='lat' dir='ltr'><strong>Praeter</strong></span> <span class='ocrx_word' id='word_1_109' title='bbox 534 1415 801 1468; x_wconf 85' lang='lat' dir='ltr'><strong>libertatem,</strong></span> <span class='ocrx_word' id='word_1_110' title='bbox 834 1417 916 1471; x_wconf 72' lang='lat' dir='ltr'><strong>qua</strong></span> <span class='ocrx_word' id='word_1_111' title='bbox 939 1415 1151 1466; x_wconf 84' lang='lat' dir='ltr'><strong>Hebraei,</strong></span> <span class='ocrx_word' id='word_1_112' title='bbox 1185 1426 1404 1473; x_wconf 73' lang='lat' dir='ltr'><strong>postquam</strong></span> <span class='ocrx_word' id='word_1_113' title='bbox 1436 1417 1626 1473; x_wconf 84' lang='lat' dir='ltr'><strong>Aegypto</strong></span> <span class='ocrx_word' id='word_1_114' title='bbox 1656 1424 1855 1458; x_wconf 74' lang='lat' dir='ltr'><strong>excesse-</strong></span> 
     </span>
     <span class='ocr_line' id='line_1_16' title="bbox 217 1493 1851 1549; baseline -0.001 -13"><span class='ocrx_word' id='word_1_115' title='bbox 217 1504 335 1546; x_wconf 85' lang='lat' dir='ltr'><strong>rant,</strong></span> <span class='ocrx_word' id='word_1_116' title='bbox 366 1495 642 1544; x_wconf 81' lang='lat' dir='ltr'><strong>fruebantur,</strong></span> <span class='ocrx_word' id='word_1_117' title='bbox 674 1504 714 1535; x_wconf 93' lang='lat' dir='ltr'><strong>et</strong></span> <span class='ocrx_word' id='word_1_118' title='bbox 740 1493 876 1545; x_wconf 81' lang='lat' dir='ltr'><strong>bella,</strong></span> <span class='ocrx_word' id='word_1_119' title='bbox 910 1508 1015 1549; x_wconf 89' lang='lat' dir='ltr'><strong>quae</strong></span> <span class='ocrx_word' id='word_1_120' title='bbox 1044 1509 1140 1536; x_wconf 91' lang='lat' dir='ltr'><strong>cum</strong></span> <span class='ocrx_word' id='word_1_121' title='bbox 1170 1496 1326 1536; x_wconf 82' lang='lat' dir='ltr'><strong>deserti</strong></span> <span class='ocrx_word' id='word_1_122' title='bbox 1357 1495 1531 1538; x_wconf 87' lang='lat' dir='ltr'><strong>Arabici</strong></span> <span class='ocrx_word' id='word_1_123' title='bbox 1558 1495 1851 1537; x_wconf 79' lang='lat' dir='ltr'><strong>Palaestinae-</strong></span> 
     </span>
     <span class='ocr_line' id='line_1_17' title="bbox 217 1571 1850 1630; baseline -0.001 -16"><span class='ocrx_word' id='word_1_124' title='bbox 217 1571 298 1629; x_wconf 80' lang='lat' dir='ltr'><strong>que</strong></span> <span class='ocrx_word' id='word_1_125' title='bbox 334 1573 504 1629; x_wconf 87' lang='lat' dir='ltr'><strong>populis</strong></span> <span class='ocrx_word' id='word_1_126' title='bbox 544 1574 732 1629; x_wconf 84' lang='lat' dir='ltr'><strong>gerenda</strong></span> <span class='ocrx_word' id='word_1_127' title='bbox 770 1584 915 1623; x_wconf 81' lang='lat' dir='ltr'><strong>erant,</strong></span> <span class='ocrx_word' id='word_1_128' title='bbox 967 1576 1157 1615; x_wconf 82' lang='lat' dir='ltr'><strong>nascenti</strong></span> <span class='ocrx_word' id='word_1_129' title='bbox 1197 1576 1322 1630; x_wconf 56' lang='lat' dir='ltr'><strong>poesi⁴</strong></span> <span class='ocrx_word' id='word_1_130' title='bbox 1356 1574 1465 1616; x_wconf 88' lang='lat' dir='ltr'><strong>haud</strong></span> <span class='ocrx_word' id='word_1_131' title='bbox 1505 1588 1651 1630; x_wconf 86' lang='lat' dir='ltr'><strong>parum</strong></span> <span class='ocrx_word' id='word_1_132' title='bbox 1692 1574 1850 1615; x_wconf 80' lang='lat' dir='ltr'><strong>favi-sse</strong></span> 
     </span>
     <span class='ocr_line' id='line_1_18' title="bbox 218 1649 1849 1708; baseline 0 -17"><span class='ocrx_word' id='word_1_133' title='bbox 218 1653 432 1693; x_wconf 84' lang='lat' dir='ltr'><strong>videntur.</strong></span> <span class='ocrx_word' id='word_1_134' title='bbox 511 1650 645 1693; x_wconf 89' lang='lat' dir='ltr'><strong>Bellis</strong></span> <span class='ocrx_word' id='word_1_135' title='bbox 684 1654 882 1708; x_wconf 79' lang='lat' dir='ltr'><strong>gerendis</strong></span> <span class='ocrx_word' id='word_1_136' title='bbox 918 1655 1048 1694; x_wconf 88' lang='lat' dir='ltr'><strong>animi</strong></span> <span class='ocrx_word' id='word_1_137' title='bbox 1092 1649 1246 1694; x_wconf 85' lang='lat' dir='ltr'><strong>mirum</strong></span> <span class='ocrx_word' id='word_1_138' title='bbox 1290 1655 1332 1693; x_wconf 92' lang='lat' dir='ltr'><strong>in</strong></span> <span class='ocrx_word' id='word_1_139' title='bbox 1374 1654 1544 1694; x_wconf 87' lang='lat' dir='ltr'><strong>modum</strong></span> <span class='ocrx_word' id='word_1_140' title='bbox 1583 1653 1849 1696; x_wconf 65' lang='lat' dir='ltr'><strong>excitanturz</strong></span> 
     </span>
     <span class='ocr_line' id='line_1_19' title="bbox 218 1730 1855 1786; baseline -0.002 -14"><span class='ocrx_word' id='word_1_141' title='bbox 218 1730 439 1772; x_wconf 88' lang='lat' dir='ltr'><strong>confluunt</strong></span> <span class='ocrx_word' id='word_1_142' title='bbox 468 1733 582 1772; x_wconf 88' lang='lat' dir='ltr'><strong>enim</strong></span> <span class='ocrx_word' id='word_1_143' title='bbox 615 1733 783 1781; x_wconf 86' lang='lat' dir='ltr'><strong>omnia,</strong></span> <span class='ocrx_word' id='word_1_144' title='bbox 837 1745 946 1786; x_wconf 87' lang='lat' dir='ltr'><strong>quae</strong></span> <span class='ocrx_word' id='word_1_145' title='bbox 978 1733 1166 1772; x_wconf 87' lang='lat' dir='ltr'><strong>animum</strong></span> <span class='ocrx_word' id='word_1_146' title='bbox 1199 1744 1370 1772; x_wconf 85' lang='lat' dir='ltr'><strong>movere</strong></span> <span class='ocrx_word' id='word_1_147' title='bbox 1411 1741 1609 1786; x_wconf 83' lang='lat' dir='ltr'><strong>possunt,</strong></span> <span class='ocrx_word' id='word_1_148' title='bbox 1658 1730 1855 1779; x_wconf 60' lang='lat' dir='ltr'><strong>audacias</strong></span> 
     </span>
     <span class='ocr_line' id='line_1_20' title="bbox 218 1806 1851 1865; baseline -0.001 -15"><span class='ocrx_word' id='word_1_149' title='bbox 218 1812 366 1859; x_wconf 85' lang='lat' dir='ltr'><strong>timor,</strong></span> <span class='ocrx_word' id='word_1_150' title='bbox 399 1812 489 1860; x_wconf 86' lang='lat' dir='ltr'><strong>ira,</strong></span> <span class='ocrx_word' id='word_1_151' title='bbox 524 1811 752 1865; x_wconf 84' lang='lat' dir='ltr'><strong>gaudium,</strong></span> <span class='ocrx_word' id='word_1_152' title='bbox 785 1824 906 1864; x_wconf 82' lang='lat' dir='ltr'><strong>spes,</strong></span> <span class='ocrx_word' id='word_1_153' title='bbox 938 1808 1057 1850; x_wconf 90' lang='lat' dir='ltr'><strong>dolor</strong></span> <span class='ocrx_word' id='word_1_154' title='bbox 1089 1819 1132 1851; x_wconf 88' lang='lat' dir='ltr'><strong>et</strong></span> <span class='ocrx_word' id='word_1_155' title='bbox 1160 1819 1314 1851; x_wconf 84' lang='lat' dir='ltr'><strong>cetera.</strong></span> <span class='ocrx_word' id='word_1_156' title='bbox 1381 1810 1448 1850; x_wconf 87' lang='lat' dir='ltr'><strong>Ex</strong></span> <span class='ocrx_word' id='word_1_157' title='bbox 1480 1808 1566 1850; x_wconf 86' lang='lat' dir='ltr'><strong>illis</strong></span> <span class='ocrx_word' id='word_1_158' title='bbox 1595 1806 1725 1850; x_wconf 78' lang='lat' dir='ltr'><strong>animi</strong></span> <span class='ocrx_word' id='word_1_159' title='bbox 1750 1819 1851 1848; x_wconf 80' lang='lat' dir='ltr'><strong>mo·-</strong></span> 
     </span>
     <span class='ocr_line' id='line_1_21' title="bbox 218 1886 1847 1942; baseline -0.001 -14"><span class='ocrx_word' id='word_1_160' title='bbox 218 1889 333 1929; x_wconf 88' lang='lat' dir='ltr'><strong>tibus</strong></span> <span class='ocrx_word' id='word_1_161' title='bbox 375 1898 415 1928; x_wconf 86' lang='lat' dir='ltr'><strong>et</strong></span> <span class='ocrx_word' id='word_1_162' title='bbox 453 1903 605 1942; x_wconf 81' lang='lat' dir='ltr'><strong>magna</strong></span> <span class='ocrx_word' id='word_1_163' title='bbox 656 1888 765 1928; x_wconf 80' lang='lat' dir='ltr'><strong>facta</strong></span> <span class='ocrx_word' id='word_1_164' title='bbox 817 1897 860 1927; x_wconf 86' lang='lat' dir='ltr'><strong>et</strong></span> <span class='ocrx_word' id='word_1_165' title='bbox 905 1889 1165 1941; x_wconf 82' lang='lat' dir='ltr'><strong>grandisona</strong></span> <span class='ocrx_word' id='word_1_166' title='bbox 1208 1889 1320 1927; x_wconf 85' lang='lat' dir='ltr'><strong>dicta</strong></span> <span class='ocrx_word' id='word_1_167' title='bbox 1361 1889 1568 1927; x_wconf 89' lang='lat' dir='ltr'><strong>oriuntur.</strong></span> <span class='ocrx_word' id='word_1_168' title='bbox 1647 1886 1754 1926; x_wconf 87' lang='lat' dir='ltr'><strong>Cum</strong></span> <span class='ocrx_word' id='word_1_169' title='bbox 1796 1887 1847 1926; x_wconf 91' lang='lat' dir='ltr'><strong>ad</strong></span> 
     </span>
     <span class='ocr_line' id='line_1_22' title="bbox 219 1964 1845 2021; baseline -0.002 -15"><span class='ocrx_word' id='word_1_170' title='bbox 219 1981 403 2021; x_wconf 80' lang='lat' dir='ltr'><strong>pugnam</strong></span> <span class='ocrx_word' id='word_1_171' title='bbox 435 1969 541 2015; x_wconf 83' lang='lat' dir='ltr'><strong>itur,</strong></span> <span class='ocrx_word' id='word_1_172' title='bbox 575 1965 729 2005; x_wconf 80' lang='lat' dir='ltr'><strong>milites</strong></span> <span class='ocrx_word' id='word_1_173' title='bbox 761 1965 1014 2019; x_wconf 82' lang='lat' dir='ltr'><strong>adloquendi</strong></span> <span class='ocrx_word' id='word_1_174' title='bbox 1047 1973 1087 2004; x_wconf 89' lang='lat' dir='ltr'><strong>et</strong></span> <span class='ocrx_word' id='word_1_175' title='bbox 1119 1964 1372 2005; x_wconf 82' lang='lat' dir='ltr'><strong>exhortandi</strong></span> <span class='ocrx_word' id='word_1_176' title='bbox 1406 1973 1517 2005; x_wconf 86' lang='lat' dir='ltr'><strong>sunt.</strong></span> <span class='ocrx_word' id='word_1_177' title='bbox 1581 1964 1741 2005; x_wconf 85' lang='lat' dir='ltr'><strong>Verum</strong></span> <span class='ocrx_word' id='word_1_178' title='bbox 1773 1964 1845 2004; x_wconf 87' lang='lat' dir='ltr'><strong>ubi</strong></span> 
     </span>
     <span class='ocr_line' id='line_1_23' title="bbox 218 2042 1846 2098; baseline -0.001 -13"><span class='ocrx_word' id='word_1_179' title='bbox 218 2046 358 2085; x_wconf 89' lang='lat' dir='ltr'><strong>animo</strong></span> <span class='ocrx_word' id='word_1_180' title='bbox 401 2053 611 2085; x_wconf 89' lang='lat' dir='ltr'><strong>commoto</strong></span> <span class='ocrx_word' id='word_1_181' title='bbox 654 2043 757 2084; x_wconf 90' lang='lat' dir='ltr'><strong>belli</strong></span> <span class='ocrx_word' id='word_1_182' title='bbox 800 2043 886 2083; x_wconf 82' lang='lat' dir='ltr'><strong>dux</strong></span> <span class='ocrx_word' id='word_1_183' title='bbox 930 2043 1059 2083; x_wconf 72' lang='lat' dir='ltr'><strong>verba</strong></span> <span class='ocrx_word' id='word_1_184' title='bbox 1098 2042 1231 2094; x_wconf 84' lang='lat' dir='ltr'><strong>facit,</strong></span> <span class='ocrx_word' id='word_1_185' title='bbox 1284 2045 1356 2084; x_wconf 83' lang='lat' dir='ltr'><strong>vix</strong></span> <span class='ocrx_word' id='word_1_186' title='bbox 1401 2042 1668 2098; x_wconf 84' lang='lat' dir='ltr'><strong>pedestribus</strong></span> <span class='ocrx_word' id='word_1_187' title='bbox 1709 2051 1846 2083; x_wconf 88' lang='lat' dir='ltr'><strong>utetur</strong></span> 
     </span>
     <span class='ocr_line' id='line_1_24' title="bbox 221 2118 1844 2177; baseline -0.001 -14"><span class='ocrx_word' id='word_1_188' title='bbox 221 2124 384 2175; x_wconf 75' lang='lat' dir='ltr'><strong>verbis,</strong></span> <span class='ocrx_word' id='word_1_189' title='bbox 416 2122 490 2162; x_wconf 82' lang='lat' dir='ltr'><strong>sed</strong></span> <span class='ocrx_word' id='word_1_190' title='bbox 512 2122 638 2163; x_wconf 88' lang='lat' dir='ltr'><strong>altius</strong></span> <span class='ocrx_word' id='word_1_191' title='bbox 664 2125 890 2176; x_wconf 76' lang='lat' dir='ltr'><strong>insurgens</strong></span> <span class='ocrx_word' id='word_1_192' title='bbox 923 2123 1088 2176; x_wconf 61' lang='lat' dir='ltr'><strong>potitico</strong></span> <span class='ocrx_word' id='word_1_193' title='bbox 1113 2122 1432 2163; x_wconf 82' lang='lat' dir='ltr'><strong>concionabitur</strong></span> <span class='ocrx_word' id='word_1_194' title='bbox 1457 2118 1844 2177; x_wconf 69' lang='lat' dir='ltr'><strong>sermone‚²&#39;&#39;quam-</strong></span> 
     </span>
     <span class='ocr_line' id='line_1_25' title="bbox 221 2197 1846 2256; baseline -0.002 -13"><span class='ocrx_word' id='word_1_195' title='bbox 221 2204 281 2243; x_wconf 79' lang='lat' dir='ltr'><strong>vis</strong></span> <span class='ocrx_word' id='word_1_196' title='bbox 323 2215 593 2243; x_wconf 86' lang='lat' dir='ltr'><strong>numerorum</strong></span> <span class='ocrx_word' id='word_1_197' title='bbox 638 2200 808 2256; x_wconf 65' lang='lat' dir='ltr'><strong>legibus</strong></span> <span class='ocrx_word' id='word_1_198' title='bbox 845 2199 997 2241; x_wconf 88' lang='lat' dir='ltr'><strong>soluto.</strong></span> <span class='ocrx_word' id='word_1_199' title='bbox 1069 2200 1262 2241; x_wconf 86' lang='lat' dir='ltr'><strong>Victoria</strong></span> <span class='ocrx_word' id='word_1_200' title='bbox 1294 2215 1385 2242; x_wconf 89' lang='lat' dir='ltr'><strong>cum</strong></span> <span class='ocrx_word' id='word_1_201' title='bbox 1428 2197 1671 2256; x_wconf 56' lang='lat' dir='ltr'><strong>parta&#39;es&#39;t&#39;,</strong></span> <span class='ocrx_word' id='word_1_202' title='bbox 1720 2199 1846 2240; x_wconf 78' lang='lat' dir='ltr'><strong>foi-tia</strong></span> 
     </span>
     <span class='ocr_line' id='line_1_26' title="bbox 217 2277 1844 2334; baseline -0.001 -14"><span class='ocrx_word' id='word_1_203' title='bbox 217 2281 388 2320; x_wconf 89' lang='lat' dir='ltr'><strong>victoris</strong></span> <span class='ocrx_word' id='word_1_204' title='bbox 420 2280 631 2320; x_wconf 73' lang='lat' dir='ltr'><strong>exercitiis</strong></span> <span class='ocrx_word' id='word_1_205' title='bbox 664 2280 774 2321; x_wconf 80' lang='lat' dir='ltr'><strong>facta</strong></span> <span class='ocrx_word' id='word_1_206' title='bbox 803 2277 1003 2319; x_wconf 72' lang='lat' dir='ltr'><strong>laudibus</strong></span> <span class='ocrx_word' id='word_1_207' title='bbox 1035 2279 1296 2329; x_wconf 80' lang='lat' dir='ltr'><strong>efferuntur,</strong></span> <span class='ocrx_word' id='word_1_208' title='bbox 1329 2281 1480 2320; x_wconf 82' lang='lat' dir='ltr'><strong>devicti</strong></span> <span class='ocrx_word' id='word_1_209' title='bbox 1505 2289 1650 2320; x_wconf 83' lang='lat' dir='ltr'><strong>contra</strong></span> <span class='ocrx_word' id='word_1_210' title='bbox 1671 2278 1844 2334; x_wconf 68' lang='lat' dir='ltr'><strong>ignavia</strong></span> 
     </span>
     <span class='ocr_line' id='line_1_27' title="bbox 219 2340 1844 2414; baseline -0.002 -16"><span class='ocrx_word' id='word_1_211' title='bbox 219 2357 383 2413; x_wconf 81' lang='lat' dir='ltr'><strong>probris</strong></span> <span class='ocrx_word' id='word_1_212' title='bbox 415 2360 701 2414; x_wconf 74' lang='lat' dir='ltr'><strong>conviciisque</strong></span> <span class='ocrx_word' id='word_1_213' title='bbox 734 2357 997 2405; x_wconf 73' lang='lat' dir='ltr'><strong>cumulatur-3</strong></span> <span class='ocrx_word' id='word_1_214' title='bbox 1033 2359 1165 2412; x_wconf 83' lang='lat' dir='ltr'><strong>quod,</strong></span> <span class='ocrx_word' id='word_1_215' title='bbox 1199 2367 1242 2398; x_wconf 88' lang='lat' dir='ltr'><strong>ut</strong></span> <span class='ocrx_word' id='word_1_216' title='bbox 1276 2360 1333 2398; x_wconf 88' lang='lat' dir='ltr'><strong>rei</strong></span> <span class='ocrx_word' id='word_1_217' title='bbox 1366 2367 1514 2398; x_wconf 87' lang='lat' dir='ltr'><strong>natura</strong></span> <span class='ocrx_word' id='word_1_218' title='bbox 1546 2357 1652 2406; x_wconf 78' lang='lat' dir='ltr'><strong>sert,</strong></span> <span class='ocrx_word' id='word_1_219' title='bbox 1686 2340 1844 2411; x_wconf 48' lang='lat' dir='ltr'><strong>nequa}</strong></span> 
     </span>
     <span class='ocr_line' id='line_1_28' title="bbox 219 2434 1841 2492; baseline 0 -16"><span class='ocrx_word' id='word_1_220' title='bbox 219 2450 340 2492; x_wconf 88' lang='lat' dir='ltr'><strong>quam</strong></span> <span class='ocrx_word' id='word_1_221' title='bbox 382 2437 526 2476; x_wconf 76' lang='lat' dir='ltr'><strong>sedato</strong></span> <span class='ocrx_word' id='word_1_222' title='bbox 566 2446 691 2492; x_wconf 83' lang='lat' dir='ltr'><strong>atque</strong></span> <span class='ocrx_word' id='word_1_223' title='bbox 734 2447 963 2492; x_wconf 82' lang='lat' dir='ltr'><strong>temperato</strong></span> <span class='ocrx_word' id='word_1_224' title='bbox 1004 2439 1173 2487; x_wconf 81' lang='lat' dir='ltr'><strong>animo,</strong></span> <span class='ocrx_word' id='word_1_225' title='bbox 1235 2450 1377 2476; x_wconf 80' lang='lat' dir='ltr'><strong>verum</strong></span> <span class='ocrx_word' id='word_1_226' title='bbox 1420 2434 1620 2476; x_wconf 84' lang='lat' dir='ltr'><strong>bacchico</strong></span> <span class='ocrx_word' id='word_1_227' title='bbox 1661 2435 1841 2490; x_wconf 83' lang='lat' dir='ltr'><strong>quodam</strong></span> 
     </span>
     <span class='ocr_line' id='line_1_29' title="bbox 219 2510 1853 2569; baseline -0.001 -14"><span class='ocrx_word' id='word_1_228' title='bbox 219 2524 362 2555; x_wconf 85' lang='lat' dir='ltr'><strong>oestro</strong></span> <span class='ocrx_word' id='word_1_229' title='bbox 392 2514 485 2554; x_wconf 78' lang='lat' dir='ltr'><strong>lieri</strong></span> <span class='ocrx_word' id='word_1_230' title='bbox 517 2514 688 2555; x_wconf 75' lang='lat' dir='ltr'><strong>assolet.</strong></span> <span class='ocrx_word' id='word_1_231' title='bbox 754 2515 952 2565; x_wconf 85' lang='lat' dir='ltr'><strong>Accedit,</strong></span> <span class='ocrx_word' id='word_1_232' title='bbox 997 2518 1104 2569; x_wconf 86' lang='lat' dir='ltr'><strong>quod</strong></span> <span class='ocrx_word' id='word_1_233' title='bbox 1138 2524 1177 2555; x_wconf 81' lang='lat' dir='ltr'><strong>et</strong></span> <span class='ocrx_word' id='word_1_234' title='bbox 1209 2524 1331 2556; x_wconf 73' lang='lat' dir='ltr'><strong>caritu</strong></span> <span class='ocrx_word' id='word_1_235' title='bbox 1365 2513 1646 2569; x_wconf 78' lang='lat' dir='ltr'><strong>tripudioque&#39;</strong></span> <span class='ocrx_word' id='word_1_236' title='bbox 1666 2510 1853 2554; x_wconf 52' lang='lat' dir='ltr'><strong>dictoris</strong></span> 
     </span>
     <span class='ocr_line' id='line_1_30' title="bbox 221 2592 1840 2648; baseline 0.001 -18"><span class='ocrx_word' id='word_1_237' title='bbox 221 2604 337 2646; x_wconf 80' lang='lat' dir='ltr'><strong>parta</strong></span> <span class='ocrx_word' id='word_1_238' title='bbox 378 2592 701 2637; x_wconf 78' lang='lat' dir='ltr'><strong>celebrabatur;</strong></span> <span class='ocrx_word' id='word_1_239' title='bbox 754 2609 860 2647; x_wconf 59' lang='lat' dir='ltr'><strong>(lune</strong></span> <span class='ocrx_word' id='word_1_240' title='bbox 894 2610 959 2634; x_wconf 62' lang='lat' dir='ltr'><strong>ros</strong></span> <span class='ocrx_word' id='word_1_241' title='bbox 999 2597 1190 2648; x_wconf 78' lang='lat' dir='ltr'><strong>spiritum</strong></span> <span class='ocrx_word' id='word_1_242' title='bbox 1237 2596 1444 2648; x_wconf 52' lang='lat' dir='ltr'><strong>porticum</strong></span> <span class='ocrx_word' id='word_1_243' title='bbox 1478 2608 1559 2633; x_wconf 90' lang='lat' dir='ltr'><strong>nou</strong></span> <span class='ocrx_word' id='word_1_244' title='bbox 1592 2594 1726 2645; x_wconf 83' lang='lat' dir='ltr'><strong>potuit</strong></span> <span class='ocrx_word' id='word_1_245' title='bbox 1758 2606 1840 2632; x_wconf 86' lang='lat' dir='ltr'><strong>non</strong></span> 
     </span>
     <span class='ocr_line' id='line_1_31' title="bbox 221 2671 1838 2727; baseline 0 -16"><span class='ocrx_word' id='word_1_246' title='bbox 221 2674 405 2712; x_wconf 76' lang='lat' dir='ltr'><strong>excitare</strong></span> <span class='ocrx_word' id='word_1_247' title='bbox 437 2682 561 2727; x_wconf 74' lang='lat' dir='ltr'><strong>atque</strong></span> <span class='ocrx_word' id='word_1_248' title='bbox 591 2671 870 2714; x_wconf 76' lang='lat' dir='ltr'><strong>inflammare.</strong></span> <span class='ocrx_word' id='word_1_249' title='bbox 950 2672 1111 2720; x_wconf 62' lang='lat' dir='ltr'><strong>(Quodsi</strong></span> <span class='ocrx_word' id='word_1_250' title='bbox 1152 2674 1482 2726; x_wconf 77' lang='lat' dir='ltr'><strong>perpendamus,</strong></span> <span class='ocrx_word' id='word_1_251' title='bbox 1524 2671 1720 2725; x_wconf 81' lang='lat' dir='ltr'><strong>populum</strong></span> <span class='ocrx_word' id='word_1_252' title='bbox 1752 2671 1838 2711; x_wconf 87' lang='lat' dir='ltr'><strong>He-</strong></span> 
     </span>
    </p>
   </div>
   <div class='ocr_carea' id='block_1_5' title="bbox 223 2748 1839 2805">
    <p class='ocr_par' dir='ltr' id='par_1_5' title="bbox 223 2748 1839 2805">
     <span class='ocr_line' id='line_1_32' title="bbox 223 2748 1839 2805; baseline 0.002 -18"><span class='ocrx_word' id='word_1_253' title='bbox 223 2748 407 2789; x_wconf 84' lang='lat' dir='ltr'><strong>braicum</strong></span> <span class='ocrx_word' id='word_1_254' title='bbox 451 2753 546 2791; x_wconf 83' lang='lat' dir='ltr'><strong>inde</strong></span> <span class='ocrx_word' id='word_1_255' title='bbox 587 2766 609 2790; x_wconf 78' lang='lat' dir='ltr'><strong>a</strong></span> <span class='ocrx_word' id='word_1_256' title='bbox 643 2751 780 2792; x_wconf 62' lang='lat' dir='ltr'><strong>Moses</strong></span> <span class='ocrx_word' id='word_1_257' title='bbox 821 2751 937 2791; x_wconf 86' lang='lat' dir='ltr'><strong>obitu</strong></span> <span class='ocrx_word' id='word_1_258' title='bbox 969 2751 1019 2791; x_wconf 84' lang='lat' dir='ltr'><strong>ad</strong></span> <span class='ocrx_word' id='word_1_259' title='bbox 1054 2751 1243 2791; x_wconf 64' lang='lat' dir='ltr'><strong>flavidis</strong></span> <span class='ocrx_word' id='word_1_260' title='bbox 1283 2767 1414 2805; x_wconf 73' lang='lat' dir='ltr'><strong>usqu(-</strong></span> <span class='ocrx_word' id='word_1_261' title='bbox 1455 2761 1666 2804; x_wconf 40' lang='lat' dir='ltr'><strong>temporat</strong></span> <span class='ocrx_word' id='word_1_262' title='bbox 1717 2752 1839 2804; x_wconf 79' lang='lat' dir='ltr'><strong>quin·</strong></span> 
     </span>
    </p>
   </div>
   <div class='ocr_carea' id='block_1_6' title="bbox 1941 0 1999 3126">
    <p class='ocr_par' dir='ltr' id='par_1_6' title="bbox 1941 0 1999 3126">
     <span class='ocr_line' id='line_1_33' title="bbox 1941 0 1999 3126; baseline 0 0"><span class='ocrx_word' id='word_1_263' title='bbox 1941 0 1999 3126; x_wconf 95' lang='lat' dir='ltr'><strong> </strong></span> 
     </span>
    </p>
   </div>
  </div>
 </body>
</html>
