1968 3095
214 176 294 216 238
827 174 920 212 Pars
945 174 965 212 1
975 174 1010 212 V.
1073 175 1164 224 Cap.
1196 175 1225 211 Ι.

885 287 923 336 ξ.
974 282 1168 326 CXXX.

327 363 499 404 Praeter
542 358 830 402 membrorum
879 363 970 403 sive
1014 362 1377 404 hemistichiorum
1421 361 1752 418 parallelismum
1801 373 1844 405 et

215 454 409 484 versuum
449 439 602 494 aliquis
640 441 963 493 parallelismus
1002 442 1045 481 in
1087 441 1388 482 Hebraeorum
1429 441 1688 483 carminibus
1718 443 1845 483 statui

217 530 367 578 potest.
429 518 552 559 Sicut
588 519 701 559 enim
740 516 936 573 singulae
966 519 1113 561 versus
1147 529 1311 574 partes,
1351 521 1443 560 sive
1473 519 1686 569 membra,
1730 521 1844 561 certa

218 600 398 656 quadam
433 598 705 653 proportione
735 595 787 636 ad
821 610 867 636 se
898 597 1080 638 invicem
1113 598 1380 648 referuntur,
1412 599 1469 639 ita
1500 607 1543 638 et
1565 599 1722 653 integri
1750 611 1847 639 ver-

215 695 287 721 sus
319 692 402 718 non
435 686 619 726 temere,
659 675 734 716 sed
776 674 827 714 ad
858 677 1129 728 symmetriae
1160 674 1277 731 leges
1316 678 1427 718 inter
1457 690 1503 717 se
1534 677 1748 730 conjuncti
1783 677 1847 716 vi-

217 760 389 804 dentur;
421 770 545 810 quam
576 767 772 794 versuum
799 753 851 793 ad
880 755 1151 806 symmetriae
1171 752 1286 808 leges
1314 756 1659 808 conjunctionem
1683 753 1846 796 Graeco

218 833 424 878 vocabulo
456 831 676 886 stropham
717 831 877 872 dicunt.
951 830 1100 886 Neque
1142 842 1280 872 tamen
1313 831 1609 873 Hebraeorum
1650 831 1847 887 strophae

218 915 269 956 ad
305 927 495 954 normam
529 909 827 964 stropharum,
871 908 1017 964 quales
1048 909 1334 960 Graecorum,
1376 909 1660 950 Romanorum
1699 924 1850 952 recen-

217 995 455 1046 tiorumque
498 994 718 1043 poetarum
760 987 1021 1028 carminibus
1063 990 1402 1043 conspiciuntur,
1443 988 1691 1028 referendae
1733 997 1848 1031 sunt.

218 1072 356 1112 Sicuti
404 1070 445 1109 in
499 1066 692 1107 versibus
740 1067 1046 1120 componendis
1099 1065 1279 1107 liberius
1325 1067 1516 1107 feruntur
1556 1066 1850 1107 Hebraeorum

218 1154 391 1204 poetae,
426 1155 466 1185 et
499 1145 623 1185 modo
649 1143 838 1193 duobus,
873 1145 998 1185 modo
1030 1144 1186 1196 tribus,
1219 1155 1395 1201 quatuor
1422 1143 1695 1199 pluribusque
1723 1158 1853 1185 mem-

217 1226 305 1268 bris
349 1222 542 1279 singulos
587 1236 734 1262 versus
768 1221 1022 1274 absolvunt,
1064 1225 1122 1264 ita
1162 1232 1203 1263 et
1243 1225 1286 1263 in
1329 1222 1516 1285 strophis
1541 1223 1851 1264 ‘construendis

220 1304 374 1357 magna
406 1310 579 1343 utuntur
609 1300 831 1351 libertate,
876 1316 1009 1357 neque
1041 1311 1154 1342 certo
1185 1300 1312 1342 alicui
1355 1315 1549 1341 versuum
1584 1315 1759 1341 numero
1791 1301 1854 1340 in-

221 1381 412 1421 haerent.
472 1378 517 1418 In
551 1377 825 1432 stropharum
868 1379 1077 1419 structura
1120 1393 1211 1418 eam
1246 1380 1289 1419 in
1331 1381 1573 1419 universum
1605 1377 1741 1434 legem
1779 1378 1853 1420 ob-

220 1468 430 1500 servatam
464 1458 681 1506 invenies,
727 1470 832 1510 quae
872 1458 913 1496 in
960 1470 1155 1497 versuum
1199 1458 1505 1510 compositione
1538 1455 1676 1496 locum
1709 1455 1851 1497 habet.

221 1536 270 1577 In
316 1535 381 1576 his
419 1534 586 1589 singula
629 1534 843 1584 membra,
894 1536 984 1574 sive
1030 1536 1116 1576 sint
1155 1549 1414 1588 synonyma,
1460 1536 1550 1574 sive
1593 1533 1852 1585 antithetica‚

222 1617 312 1656 sive
339 1612 591 1667 synthetica,
625 1614 665 1652 in
689 1612 832 1652 orbem
865 1613 1072 1666 quendam
1097 1621 1343 1660 recurrunt3
1377 1612 1486 1652 haud
1511 1610 1632 1652 aliter
1655 1611 1854 1666 strophae

226 1692 421 1734 versibus
456 1689 519 1730 sel
551 1692 821 1743 synonymis,
854 1689 918 1730 vel
951 1690 1234 1740 antitheticis‚
1272 1689 1337 1730 vel
1358 1690 1609 1744 syntheticis
1641 1691 1681 1729 in
1707 1689 1853 1730 orbem

223 1768 540 1813 recurrentibus
573 1770 893 1809 constituuntur.
949 1769 1032 1809 Sed
1063 1767 1261 1823 exemplo
1294 1768 1508 1822 proposito
1542 1766 1698 1807 clarior
1729 1781 1852 1822 quam

224 1850 507 1903 descriptione
531 1860 598 1887 res
621 1847 788 1886 evadet.
845 1846 1081 1887 Videamus
1106 1848 1249 1901 igitur,
1283 1846 1365 1899 quit
1389 1846 1551 1885 ratione
1577 1845 1660 1886 duo
1694 1846 1855 1899 priores

226 1926 376 1982 psalmi
407 1927 449 1965 in
482 1924 680 1979 strophas
714 1926 877 1978 possint
908 1925 1119 1966 distribui.
1180 1921 1373 1962 Psalmus
1412 1924 1570 1975 primus
1601 1937 1677 1964 sex
1709 1921 1856 1964 absol-

226 2007 337 2045 vitur
377 2002 595 2051 versibus,
645 2015 821 2056 quorum
863 2011 947 2042 tres
989 2003 1150 2055 priores
1192 1999 1358 2040 felicem
1405 2001 1481 2039 viri
1522 1999 1641 2054 probi
1681 2011 1855 2051 sortem,

225 2083 481 2138 posteriores
530 2093 629 2120 vero
680 2089 764 2119 tres
815 2079 994 2133 improbi
1039 2080 1237 2119 miseram
1280 2077 1564 2117 conditionem
1605 2079 1854 2134 depingunt.

228 2159 371 2208 Quare
406 2159 555 2198 merito
587 2159 628 2198 in
671 2159 774 2199 duas
806 2156 1025 2212 strophas,
1068 2165 1211 2196 ternos
1251 2169 1400 2195 versus
1433 2146 1856 2210 comprehendentes,

228 2237 413 2293 psalmus
445 2237 660 2277 dividitur.
723 2234 915 2276 Psalmus
946 2236 1156 2275 secundus
1194 2234 1414 2274 duodecim
1447 2233 1641 2274 versibus
1673 2233 1857 2275 absolvi-

229 2324 318 2356 tur:
360 2316 401 2354 in
437 2314 649 2368 prioribus
681 2313 816 2353 tribus
850 2312 992 2367 populi
1033 2326 1239 2368 regesque
1279 2312 1415 2351 exteri
1456 2321 1604 2352 contra
1643 2310 1857 2352 Israelita-

228 2409 321 2434 rum
355 2406 495 2447 regern
531 2393 797 2445 insurgentes
830 2393 1107 2438 inducuntur3
1141 2392 1181 2430 in
1214 2389 1490 2443 sequentibus
1520 2395 1561 2439 4,
1593 2393 1634 2440 5,
1666 2393 1706 2439 6,
1742 2403 1860 2430 mon-

230 2481 409 2519 stratur,
439 2471 557 2510 irrita
589 2470 927 2509 adversariorum
962 2468 1128 2509 illorum
1161 2469 1385 2508 conanima
1417 2481 1536 2517 esse,
1569 2466 1857 2508 israelitarum

233 2553 344 2589 enim
379 2562 518 2602 regem
552 2562 574 2586 a
610 2545 702 2586 Deo
736 2549 828 2599 ipso
861 2560 955 2585 esse
989 2547 1284 2591 constituturum
1317 2559 1442 2599 porro
1476 2544 1666 2586 versibus
1688 2548 1730 2596 7,
1754 2549 1795 2596 8,
1817 2549 1858 2597 9,

232 2629 364 2667 Jovae
405 2627 617 2666 decretum
667 2623 898 2678 profertur,
954 2637 1034 2677 quo
1077 2621 1365 2663 Israelitarum
1409 2624 1499 2678 regi
1548 2623 1767 2677 imperium
1814 2624 1856 2664 in

236 2719 382 2745 omues
414 2702 593 2757 populos
629 2703 906 2754 promittitur;
940 2701 1121 2753 denique
1154 2700 1345 2740 versibus
1379 2703 1446 2750 10,
1480 2703 1544 2749 11,
1580 2703 1643 2751 12,
1677 2698 1858 2741 rebelles

1904 2507 1946 2918 anenata-⁴
