1968 3095
194 219 248 258 52
808 219 902 256 Pars
932 218 964 256 1.
1026 218 1117 267 Cap.
1149 217 1221 255 111.

196 338 242 369 ut
270 330 359 383 jam
393 339 490 369 ante
522 326 859 369 Mokammedem
899 340 1028 367 aurea
1060 325 1271 367 Arabicae
1313 332 1491 382 poeseos
1532 335 1649 368 aetas
1688 327 1833 368 exori-

197 416 330 448 retur.
404 404 618 447 Credibile
659 415 753 455 est,
807 406 1014 460 proximis
1054 414 1151 446 ante
1190 405 1530 447 Mokammedem
1571 405 1832 460 temporibus

199 499 392 540 magnam
425 490 640 539 poetarum
673 483 952 525 Arabicorum
985 485 1204 525 exstitisse
1235 483 1428 532 turbam3
1481 497 1657 539 quorum
1691 492 1832 526 tamen

196 566 385 605 carmina
416 566 644 604 maximam
674 572 832 618 partem
865 562 1186 603 interciderunt.
1247 561 1397 618 Neque
1426 563 1466 603 id
1494 564 1683 614 mireris3
1716 576 1834 604 nam-

198 657 278 697 que
312 658 405 684 cum
437 651 534 683 ante
566 641 905 682 rllohmnmedem
936 639 1151 681 scribendi
1182 655 1250 681 ars
1271 640 1485 682 Arabibus
1515 641 1701 682 nondum
1726 642 1832 683 adeo

198 723 350 761 usitata
382 721 530 770 fuerit,
578 729 622 760 ut
652 721 839 760 carmina
870 718 942 759 illa
978 720 1120 758 onmia
1154 718 1287 760 literis
1316 721 1694 774 consignarentur,
1732 720 1833 761 inde

198 814 222 839 a
241 799 542 840 Mohammede
573 809 712 840 autem
745 799 955 838 diuturnis
987 796 1111 839 bellis
1130 797 1296 838 Arabes
1327 812 1352 837 a
1371 797 1505 839 Musis
1533 807 1830 849 avocarentur,

197 875 290 917 fieri
343 892 425 918 non
471 879 629 932 potuit,
685 879 784 932 quin
826 879 1013 918 maxima
1052 878 1334 931 antiquiorum
1381 875 1552 917 illorum
1597 878 1829 918 carminum

198 968 293 1009 pars
326 954 542 997 hominum
577 957 807 997 memoriae
838 956 1079 1004 excideret,
1116 964 1240 1010 atque
1271 955 1444 996 omnino
1475 956 1681 997 interiret.

871 1144 909 1181 (3
921 1154 954 1180 a
965 1155 1018 1190 ιι.
1062 1145 1162 1180 111.

702 1236 1350 1281 Comparatio.

890 1350 927 1398 §-
968 1345 1139 1387 xxm.

308 1447 532 1488 Hactenus
564 1448 616 1488 de
648 1449 815 1503 origine
846 1449 1068 1503 causisque
1110 1454 1289 1503 poeseos
1324 1449 1432 1503 apud
1465 1448 1689 1490 Hebraeos
1719 1446 1826 1488 Ara-

196 1525 354 1581 besque
388 1535 552 1573 actum3
604 1528 794 1582 sequitur
825 1536 870 1567 ut
901 1528 1145 1577 videamus,
1193 1535 1399 1582 quatenus
1430 1528 1650 1582 utriusque
1681 1525 1825 1581 populi

192 1607 358 1659 poesis,
389 1607 479 1646 sive
505 1606 740 1660 originem,
771 1607 862 1646 sive
893 1619 1044 1647 causas
1067 1614 1329 1659 spectemus,
1371 1606 1482 1645 inter
1515 1619 1561 1645 se
1585 1606 1823 1646 consentiat

190 1694 315 1738 atque
356 1684 538 1724 differat.
608 1683 655 1723 Si
697 1697 841 1724 verum
873 1693 961 1734 est,
1007 1685 1116 1738 quod
1157 1685 1351 1739 superius
1389 1684 1632 1733 docuimus,
1675 1684 1824 1738 poesin

190 1763 302 1816 apud
334 1762 558 1803 Hebraeos
587 1762 728 1803 Masis
759 1772 922 1813 aetate,
963 1764 991 1803 i.
1025 1776 1058 1802 e.
1098 1760 1213 1803 mille
1251 1764 1491 1818 quingentis
1529 1763 1694 1802 circiter
1727 1770 1824 1803 ante

191 1838 294 1880 Chr.
331 1855 372 1882 n.
405 1844 551 1892 annis,
603 1843 811 1896 originem
850 1843 1078 1891 sumsisse,
1128 1841 1236 1894 apud
1275 1840 1440 1881 Arabes
1482 1855 1582 1881 vero
1614 1840 1823 1882 Hirenses

189 1916 333 1958 seculo
366 1929 462 1972 post
490 1918 592 1960 Chr.
627 1934 667 1959 n.
701 1921 823 1959 tertio
855 1919 922 1959 vel
954 1928 1124 1973 quarto,
1157 1918 1484 1973 Hedschazique
1515 1920 1623 1973 apud
1655 1918 1820 1960 incolas

189 1995 333 2048 quinto
365 1995 531 2037 demum
565 1995 710 2037 seculo
743 2006 908 2037 enatam
942 1997 1096 2037 fuisse:
1140 1996 1343 2048 efficitur,
1381 1998 1525 2051 poesin
1560 1996 1818 2039 Hebraicam

187 2071 303 2112 mille
334 2077 617 2131 septingentis
650 2076 817 2115 circiter
848 2077 970 2116 annis
998 2076 1278 2130 antiquiorem
1312 2090 1405 2116 esse
1423 2074 1622 2116 Arabica.
1676 2074 1819 2125 Quae-

185 2153 352 2203 siveris,
388 2156 457 2207 qui
481 2154 634 2194 factum
661 2153 802 2203 fuerit,
836 2164 879 2194 ut
902 2154 1081 2204 Arabes,
1114 2155 1304 2209 quamvis
1327 2153 1621 2194 Hebraeorum
1648 2157 1816 2209 cognati

185 2231 397 2284 vicinique
429 2244 594 2282 essent,
630 2233 758 2273 tantis
789 2231 942 2272 seculis
973 2235 1110 2273 serius
1143 2234 1314 2287 ingenia
1344 2231 1540 2273 excolere
1573 2232 1816 2287 coeperint?

182 2306 435 2349 Rectissime
464 2308 723 2361 Tychsemm
748 2312 815 2362 ⁵⁵)
848 2310 976 2364 hujus
1009 2313 1068 2352 rei
1101 2325 1270 2352 causam
1302 2312 1343 2350 in
1375 2324 1426 2349 eo
1457 2311 1636 2363 positam
1669 2312 1816 2352 existi-

183 2396 296 2437 mat,
354 2389 464 2441 quod
505 2387 692 2428 llebraei
727 2390 817 2442 jam
860 2392 1168 2444 antiquissimis
1210 2387 1471 2442 temporibus
1517 2390 1658 2442 magni
1699 2386 1814 2429 illius

182 2462 465 2519 legislatoris,
517 2466 681 2515 Moses,
733 2466 941 2508 beneficio
983 2469 1035 2509 ab
1077 2465 1264 2508 instabili
1305 2465 1546 2520 incultaque
1586 2466 1811 2507 nomadum

182 2544 265 2583 vita
304 2544 357 2584 ad
398 2558 596 2598 agrorum
636 2544 840 2585 culturam
884 2547 1078 2596 deducti,
1132 2545 1380 2600 legibusque
1411 2558 1460 2584 ac
1492 2542 1698 2600 religione
1729 2546 1811 2586 cir-

194 2666 418 2674 ——-
425 2671 454 2675 ὼ,

233 2754 306 2806 55)
349 2758 406 2796 De
437 2762 602 2807 poeseos
637 2758 804 2797 Arabum
834 2759 990 2812 origine
1022 2765 1061 2797 et
1093 2760 1224 2799 indole
1256 2760 1555 2813 antiquissima,
1589 2774 1626 2811 p.
1654 2757 1747 2797 235.
