1968 3095
174 171 258 210 246
764 167 860 204 Pars
897 165 963 205 IV.
1023 164 1114 214 Gap.
1143 163 1196 202 11.

174 291 292 322 ctura
325 279 487 326 differt,
528 291 657 318 unum
698 276 740 316 id
770 289 1030 316 memorasse
1059 273 1208 325 liceat,
1248 272 1438 314 Arabum
1472 275 1617 328 poetas
1645 274 1799 315 mirum

175 364 218 401 in
261 359 430 400 modum
471 353 824 396 homoeoteleutis
868 353 1094 403 delectari,
1147 366 1252 407 quae
1294 361 1433 393 tamen
1475 366 1500 392 a
1541 351 1801 394 Graecorum

178 435 438 479 carminibus
470 433 731 474 alienissima
769 441 880 473 sunt.
950 431 1007 473 At
1046 430 1213 473 meliori
1254 430 1433 471 forsitan
1469 431 1566 483 jure
1596 444 1621 470 a
1652 432 1804 472 Persis

178 517 230 556 ad
271 514 437 556 Arabes
474 527 561 554 rem
606 513 821 552 metricam
868 509 1112 551 translatam
1158 511 1289 551 fuisse
1330 508 1514 549 statuas?
1575 507 1724 564 Neque
1761 509 1803 550 id

177 594 494 636 concedendum
541 591 718 630 videtur.
790 588 922 631 Nulla
963 591 1130 644 quidem
1173 588 1427 642 antiquioris
1471 585 1586 628 illius
1627 593 1807 642 poeseos

180 674 378 715 Persicae
409 677 636 724 supersunt
667 669 948 718 monimenta,
988 681 1166 722 quorum
1207 665 1383 707 metrica
1421 666 1585 706 ratione
1615 668 1807 721 quaestio

180 752 395 806 proposita
425 758 512 789 tuto
544 749 677 802 possit
707 746 958 800 dijudicari3
1002 759 1147 786 verum
1185 745 1223 786 si
1253 758 1306 785 ex
1339 745 1623 785 recentiorum
1655 738 1809 785 Persa-

182 844 275 870 rum
317 829 491 883 ingenio
532 827 583 866 de
626 825 910 878 antiquiorum
949 822 1093 863 indole
1132 832 1317 863 statuere
1357 820 1480 872 licet,
1532 821 1645 863 haud
1682 821 1809 864 facile

186 923 211 948 a
244 907 386 947 Persis
420 904 610 946 Arabum
643 911 776 942 metra
806 903 991 943 derivari
1024 910 1241 957 poterunt;
1279 903 1434 956 quippe
1466 913 1571 955 quae
1603 900 1810 956 singulari

183 986 364 1042 quadam
406 984 611 1038 dignitate
650 990 774 1035 atque
815 982 1024 1035 gravitate
1065 994 1111 1043 se
1151 981 1473 1029 commendant,
1528 993 1636 1033 quae
1676 983 1814 1036 magis

183 1063 399 1112 Arabum,
430 1075 554 1116 quam
578 1059 800 1099 Persarum
828 1060 1002 1113 ingenio
1032 1060 1260 1100 convenire
1290 1058 1470 1099 videtur.
1532 1054 1692 1098 Contra
1721 1057 1816 1111 nule

184 1142 272 1182 lum
305 1139 503 1189 dubium,
547 1140 643 1194 quin
687 1137 739 1178 ab
769 1136 984 1178 Arabibus
1023 1151 1117 1176 cum
1148 1138 1302 1190 magna
1339 1135 1511 1191 linguae
1554 1150 1657 1177 suae
1698 1145 1815 1192 parte

187 1228 228 1260 et
258 1229 392 1260 metra
433 1219 619 1273 ipsorum
660 1217 812 1256 seriori
853 1224 1045 1268 tempore
1085 1216 1137 1255 ad
1169 1215 1322 1256 Persas
1354 1216 1611 1256 transierint.
1671 1214 1817 1264 Quare

189 1299 340 1338 merito
373 1304 558 1344 statuas,
589 1293 755 1335 Arabes
789 1294 904 1347 ipsos
936 1303 1164 1336 metrorum
1195 1308 1366 1336 suorum
1393 1293 1526 1334 fuisse
1550 1296 1816 1342 inventores3

190 1376 299 1431 qaod
333 1384 374 1415 et
406 1383 637 1414 metrorum
668 1371 837 1412 illorum
878 1371 1044 1412 indoles
1085 1373 1250 1426 arguit,
1290 1386 1395 1426 quae
1425 1371 1612 1412 Arabum
1645 1373 1819 1427 ingenio

190 1454 297 1494 adeo
329 1453 547 1507 congruit,
581 1459 624 1491 ut
653 1451 822 1491 nonnisi
854 1463 908 1490 ex
948 1448 1023 1490 illo
1055 1451 1264 1504 originem
1302 1449 1471 1491 trahere
1507 1453 1706 1505 potuerit.

837 1587 873 1635 ς.
925 1581 1182 1624 cxxxvl.

307 1688 397 1728 Etsi
429 1686 619 1728 Arabum
666 1700 753 1726 rem
786 1688 1002 1726 metricam
1044 1685 1154 1726 haud
1198 1688 1318 1740 pauci
1349 1695 1544 1728 auctores
1576 1686 1712 1726 fusius
1751 1700 1823 1726 ac-

196 1768 468 1821 curatiusque
497 1765 804 1820 explicaverint
834 1769 951 1818 ¹¹³),
993 1774 1132 1805 tamen
1165 1766 1348 1805 instituti
1381 1766 1515 1805 nostri
1546 1765 1653 1804 ratio
1684 1765 1825 1820 requi-

197 1859 291 1885 rere
322 1845 509 1894 videtur,
544 1853 588 1885 ut
618 1845 794 1884 eandem
827 1845 1044 1884 materiam
1077 1843 1264 1884 breviter
1297 1845 1644 1898 perstringamuS.
1703 1841 1827 1892 Quae

199 1924 252 1964 de
281 1922 542 1976 s)llabarum
571 1924 805 1976 quantitate
844 1923 1183 1976 praecipiuntur,
1225 1921 1539 1982 simplicissima
1572 1930 1829 1976 naturaeque

262 2104 360 2152 113)
396 2105 435 2140 lu
459 2104 692 2154 exponenda
719 2103 886 2141 Arabum
915 2115 956 2140 re
976 2102 1140 2140 metrica
1163 2106 1361 2139 strenuam
1384 2114 1478 2152 prae
1501 2101 1645 2140 ceteris
1669 2114 1826 2153 operam

319 2176 530 2209 uavarunt:
565 2173 724 2208 Clericus
749 2171 785 2208 in
810 2171 987 2208 Scientia
1011 2170 1175 2207 metrica
1205 2175 1243 2207 et
1267 2169 1504 2219 rhythmica,
1537 2183 1604 2207 seu
1629 2170 1829 2207 Tractatu

319 2240 366 2275 de
399 2238 587 2288 prosodia
619 2239 813 2284 Arabica,
846 2252 893 2276 ex
922 2238 1150 2276 auctoribus
1185 2237 1473 2288 probatissimis
1509 2238 1642 2284 eruta,
1670 2236 1829 2283 Oxonii,

325 2305 457 2350 10613
488 2308 620 2343 Ewuld
652 2307 699 2343 dc
726 2307 859 2344 metris
892 2307 1104 2343 carminum
1127 2305 1383 2343 Arabicorum
1417 2305 1506 2342 libri
1542 2306 1618 2342 duo
1650 2318 1734 2343 cum
1762 2318 1831 2356 up-

319 2373 487 2424 pendi‹·e
523 2374 835 2410 emendationum
860 2374 896 2411 in
922 2374 1054 2412 varios
1078 2378 1238 2424 poetas,
1270 2372 1532 2424 Bruusvigae‚
1568 2368 1701 2419 18253
1731 2372 1833 2410 idem

321 2445 461 2478 auctor
485 2440 520 2477 in
546 2441 835 2478 Grmmnaticac
859 2442 1053 2479 Arabicae
1079 2442 1154 2478 vul.
1178 2442 1228 2488 ll,
1258 2455 1292 2491 p.
1318 2439 1564 2486 323-3433
1602 2442 1762 2488 Freylay
1794 2438 1832 2476 iu

322 2507 448 2554 libro,
481 2508 544 2559 qui
579 2507 825 2544 inscribitur:
860 2508 1119 2559 Dar-stellung
1146 2509 1214 2545 der
1242 2507 1486 2545 Arabisclieu
1518 2506 1737 2544 Verskuust
1765 2504 1833 2543 mit

323 2578 438 2613 snt-hs
459 2576 675 2626 Aniniingcn
701 2581 776 2612 etc.
813 2576 935 2621 Bona,
970 2574 1100 2620 18303
1133 2578 1174 2611 de
1197 2577 1292 2622 διας]
1323 2575 1359 2611 in
1393 2576 1519 2613 alterii
1541 2573 1832 2612 Grammaticae

323 2644 519 2680 Arabicae
551 2643 749 2687 editione,
782 2643 892 2693 cujus
920 2648 1023 2679 torno
1048 2643 1258 2693 posteriori
1289 2643 1447 2681 additus
1480 2646 1543 2681 est
1563 2646 1759 2681 tractatus
1782 2640 1830 2678 de

325 2711 490 2749 Arabum
520 2711 707 2762 prosodia
737 2715 776 2749 et
798 2723 838 2747 rc
860 2710 1044 2756 metrica,
1079 2724 1114 2760 p.
1135 2709 1373 2748 tila-661.
