1958 2947
569 121 622 157 De
651 122 740 166 stylo
765 122 970 158 carminum
1002 123 1275 160 Hebraicorum.
1655 128 1729 164 111

115 228 330 270 tradendis
363 229 475 269 vitae
507 242 755 284 morumque
785 229 1032 284 praeceptis.
1100 229 1155 270 Et
1185 229 1372 285 profecto
1409 232 1462 273 ad
1496 232 1735 278 docendum

113 305 313 360 populum
346 305 407 347 nil
438 307 700 347 commodius
742 307 941 348 brevibus
986 309 1199 361 ejusmodi
1237 311 1483 361 sententiis,
1524 326 1632 366 quae
1666 313 1732 354 vel

110 383 163 424 ab
205 383 540 438 imperitioribus
584 383 701 424 facili
743 387 913 439 negotio
965 387 1196 426 memoriae
1242 372 1509 429 mandantur.
1587 389 1731 439 Quare

109 463 219 515 apud
262 476 408 503 omnes
447 471 596 517 gentes
638 461 854 516 popularis
892 461 966 502 illa
1001 462 1272 517 philosophia
1311 466 1351 505 id
1392 467 1556 508 dicendi
1594 484 1729 524 genus

106 541 322 593 proprium
360 541 480 593 quasi
506 539 587 579 sibi
626 540 865 579 vindicavit.
934 540 981 580 In
1014 540 1309 582 Hebraeorum
1346 546 1463 597 poesi
1495 550 1729 588 sententio-

107 631 199 657 sum
229 618 393 657 dicendi
431 632 565 672 genus
596 632 717 671 quam
755 616 960 658 latissime
992 629 1163 673 regnat,
1193 627 1233 657 et
1266 632 1348 659 non
1385 619 1520 664 solum
1552 626 1593 664 in
1630 641 1730 680 pro..

106 695 281 746 verbiis,
303 694 453 751 quibus
477 698 660 737 maxime
683 694 895 749 peculiare
915 706 993 746 est,
1026 710 1170 736 verum
1196 697 1320 736 etiam
1341 698 1381 737 in
1408 697 1583 754 reliquis
1607 701 1728 745 libris

102 775 279 827 poeticis
310 784 435 828 atque
466 773 721 829 propheticis
751 773 889 815 locum
921 775 1062 815 habet.
1124 773 1236 822 Quin
1280 775 1365 814 imo
1402 776 1508 817 adeo
1540 780 1590 819 ad
1624 788 1724 835 poe-

103 852 228 891 ticam
259 851 556 893 Hebraeorum
588 854 821 893 orationem
864 854 1076 907 pertinere
1116 853 1306 902 videtur,
1350 862 1395 893 ut
1425 867 1617 898 cessante
1648 858 1722 900 illo

102 928 268 969 dicendi
299 944 456 984 genere
488 938 529 970 et
559 932 705 984 poesin
738 932 870 985 ipsam
914 945 1079 971 cessare
1120 932 1352 970 existimes.
1421 930 1501 974 Cui
1532 938 1593 975 rei
1627 951 1725 991 pro-

102 1005 321 1059 phetarum
364 1010 524 1062 scripta
565 1009 817 1048 documento
861 1022 955 1048 esse
996 1017 1186 1062 possunt.
1263 1009 1429 1049 Etenim
1469 1010 1582 1053 haud
1626 1030 1722 1056 raro

99 1083 351 1138 prophetae,
395 1087 568 1127 serioris
607 1088 873 1140 potissimum
913 1089 1031 1135 aevi,
1076 1085 1232 1139 stylum
1277 1088 1464 1138 variant,
1519 1100 1560 1130 et
1594 1094 1721 1133 modo

99 1165 290 1218 poetica,
324 1165 448 1205 modo
481 1165 607 1217 prosa
638 1166 829 1204 oratione
857 1174 1043 1204 utuntur.
1095 1163 1330 1219 Utriusque
1361 1166 1458 1219 styli
1491 1168 1716 1211 discrimen

100 1250 146 1282 ut
170 1244 306 1296 possis
337 1256 621 1297 cognoscere,
651 1244 951 1283 attendendum
984 1244 1250 1296 praeprimis,
1283 1254 1420 1285 utrum
1453 1245 1721 1289 brevioribus

97 1323 318 1362 sententiis
351 1321 547 1361 distincta
576 1321 632 1360 sit
671 1323 830 1371 oratio,
868 1335 920 1360 an
961 1319 1147 1374 longiori
1186 1322 1352 1363 diffluat
1383 1323 1607 1365 verborum
1639 1325 1721 1366 flu-

98 1400 225 1440 mine.
301 1397 515 1447 Quamdiu
556 1401 860 1439 sententiosam
899 1398 1191 1452 deprehendas
1227 1402 1487 1451 orationem,
1532 1412 1571 1442 et
1602 1406 1721 1459 cogi-

97 1476 326 1517 tationibus
357 1477 638 1531 sensibusque
673 1480 862 1531 poeticus
887 1476 1000 1517 haud
1027 1478 1160 1517 deerit
1191 1477 1333 1528 color;
1365 1491 1512 1520 contra
1541 1481 1719 1523 simulac

93 1552 290 1593 diffluere
332 1556 477 1595 videas
521 1557 782 1604 orationem,
823 1558 1123 1609 cogitationum
1171 1569 1335 1610 quoque
1375 1557 1491 1598 color
1533 1562 1720 1613 poeticus

95 1641 330 1672 evanescet.
381 1631 522 1680 Quare
552 1643 666 1673 recte
689 1632 913 1673 Lowlln'us
934 1634 984 1672 de
1014 1635 1277 1673 sententioso
1299 1635 1462 1674 dicendi
1484 1650 1639 1689 genere
1670 1639 1714 1678 in

95 1708 206 1749 hunc
245 1710 414 1750 modum
456 1711 619 1763 judicat
655 1712 746 1763 8⁷):
790 1710 928 1759 „Hoc
968 1712 1094 1764 igitur
1135 1712 1317 1763 primum
1361 1721 1401 1751 et
1441 1716 1714 1768 praecipuum

91 1786 218 1827 habet
256 1791 297 1828 in
330 1790 446 1842 poesi
479 1788 680 1829 Hebraea
718 1789 1024 1828 sententiosum
1063 1789 1230 1829 dicendi
1269 1804 1428 1844 genus,
1473 1801 1516 1830 ut
1555 1795 1714 1834 oratio-

91 1879 186 1905 nem
218 1864 399 1906 solutam
431 1876 472 1907 et
498 1865 757 1908 diffluentem
781 1872 996 1916 coerceat,
1028 1869 1298 1922 numerisque
1323 1870 1568 1923 distinguat.
1588 1895 1638 1902 -
1657 1896 1712 1903 —

92 1942 176 1984 Sed
207 1953 248 1983 et
275 1947 317 1983 in
352 1947 554 1995 ceteris“,
596 1955 641 1984 ut
679 1945 791 1984 idem
823 1954 968 1985 auctor
1007 1946 1150 1995 docet,
1191 1960 1419 2001 „magnam
1454 1947 1579 1987 habet
1610 1950 1709 1999 vim,

88 2019 321 2076 multasque
351 2025 393 2063 in
423 2037 468 2063 se
499 2024 684 2062 continet
715 2036 868 2076 easque
899 2024 1088 2078 insignes
1120 2025 1310 2066 virtutes,
1357 2024 1471 2066 Nam
1505 2036 1549 2066 ut
1580 2041 1708 2081 saepe

88 2114 142 2140 ex
173 2099 254 2139 hoc
283 2100 398 2140 fonte
430 2102 628 2141 eximiam
661 2099 937 2154 elegantiam,
979 2100 1244 2142 dulcedinem
1277 2104 1520 2143 etnitorem
1553 2107 1709 2146 ducunt

89 2194 208 2220 sacra
239 2185 453 2233 poemata,
491 2181 549 2219 ita
581 2181 622 2218 in
654 2177 797 2218 multis
826 2180 964 2219 eidem
998 2194 1117 2220 suam
1150 2179 1303 2220 debent
1331 2180 1630 2221 sublimitatem
1665 2191 1705 2221 et

87 2259 272 2312 pondus:
326 2257 497 2298 crebrae
538 2256 702 2310 sibique
743 2258 947 2295 instantes
988 2259 1220 2296 sententiae
1262 2257 1328 2296 vel
1377 2254 1560 2298 maxime
1602 2273 1704 2299 con-

87 2336 238 2382 cisam,
271 2349 441 2389 gravem
474 2344 514 2374 et
542 2336 754 2374 incitatam
787 2334 946 2374 faciunt
973 2336 1254 2375 orationem.“
1309 2334 1503 2376 Ceterum
1540 2351 1630 2376 cum
1660 2338 1702 2376 id

86 2413 251 2453 dicendi
280 2427 414 2467 genus
444 2412 738 2454 Hebraeorum
769 2415 907 2467 poetis
947 2413 1053 2453 adeo
1092 2414 1146 2453 sit
1175 2412 1413 2464 familiare,
1455 2423 1501 2452 ut
1540 2423 1701 2454 tantum

141 2582 214 2633 87)
247 2584 306 2621 De
346 2584 462 2621 sacra
501 2583 769 2622 Hebraeorum
812 2583 948 2634 poesi,
986 2584 1174 2633 praelect.
1214 2583 1286 2626 lv,
1329 2596 1364 2630 p.
1397 2580 1472 2625 85,
1512 2595 1560 2618 ex
1594 2582 1694 2620 edit.

194 2650 232 2688 J.
265 2651 312 2689 1).
342 2648 566 2689 Michaelis.
