1968 3095
184 160 263 196 104
774 159 867 195 Pars
896 159 950 196 11.
1012 158 1103 206 Cap.
1138 156 1209 194 111.

189 281 411 308 numerum
443 267 556 308 haud
587 266 798 306 immerito
830 266 991 307 referas
1026 280 1194 307 carmen
1220 265 1324 307 illud
1354 266 1605 322 probrosum
1638 269 1683 310 in
1706 270 1817 325 regis

188 346 440 400 Babylonici
471 345 708 394 interitum,
739 345 848 399 quod
878 343 1048 386 Jesaiae
1080 359 1173 400 cap.
1200 344 1325 396 XIV,
1355 359 1393 385 v.
1424 349 1580 397 4-20,
1615 346 1818 395 habacum

186 428 253 467 cui
280 426 455 465 carmini
486 424 568 464 etsi
592 422 703 462 haud
727 423 867 463 desint
895 423 1009 464 sales
1039 432 1081 463 et
1113 423 1351 476 cavillatio,
1383 434 1523 464 tamen
1547 433 1662 466 tanta
1691 427 1818 467 etiam

188 505 301 544 inest
333 504 545 558 dignitas,
584 511 629 542 ut
659 500 872 552 dubitem,
912 516 964 542 an
996 503 1038 542 in
1073 504 1226 558 magna
1267 504 1498 543 carminum
1531 505 1821 556 satyricorum,

191 596 298 636 quae
339 581 528 622 Arabum
580 584 731 635 poetae
781 579 1007 630 fuderunt,
1057 582 1182 635 copia
1226 578 1357 621 ullum
1399 581 1662 632 inveniatur,
1709 584 1823 638 quod

188 661 366 701 carmini
397 658 460 700 illi
493 660 623 713 possit
654 659 934 712 aequiparari.
977 682 1026 689 —-
1070 657 1191 706 Quae
1231 659 1282 699 ad
1315 663 1611 700 narratorium
1643 665 1821 714 poeseos

186 753 322 794 genus
354 739 566 794 pertinent
597 737 784 778 carmina
815 736 1018 777 historica
1050 735 1302 791 fabulaeque
1334 735 1625 778 Romanenses
1655 740 1699 778 in
1728 737 1823 779 He-

189 818 415 859 braeorum
448 818 566 871 poesi
597 817 764 872 quidem
799 816 1115 866 desiderantum
1148 829 1282 870 neque
1307 825 1446 856 tamen
1471 817 1643 856 omniuo
1669 817 1822 858 desunt

188 898 455 937 narrationes
485 894 608 936 fictae
637 904 763 950 atque
793 894 976 949 apologi.
1052 893 1184 934 Fictis
1216 894 1554 944 narrationibus,
1595 896 1720 935 sicuti
1749 909 1821 936 su-

187 976 332 1031 perius
370 975 459 1028 jam
502 974 709 1013 monitum
749 971 852 1022 fuit,
905 971 1047 1013 ,Ionae
1092 971 1201 1013 liber
1242 972 1584 1013 adnumerandus
1635 974 1820 1021 videtur;

189 1051 360 1107 apologi
381 1061 522 1092 autem
545 1052 766 1105 egregium
789 1052 1003 1104 specimen
1030 1050 1211 1091 habetur
1237 1050 1432 1090 Judicum
1457 1049 1593 1100 libro,
1627 1064 1720 1105 cap.
1736 1049 1820 1102 IX,

189 1134 343 1174 8—15.
379 1155 429 1161 —
472 1128 880 1183 Epc'grammatz'cae
911 1130 1092 1184 denique
1135 1133 1314 1184 poeseos
1349 1128 1573 1183 vestigium
1612 1127 1745 1170 habes
1777 1130 1821 1170 in

188 1210 426 1263 aenigmate
458 1205 556 1256 illo,
596 1207 707 1262 quod
748 1208 888 1247 occiso
929 1205 1053 1248 leone
1085 1205 1254 1248 Sc'mson
1285 1204 1530 1248 philistaeis
1568 1205 1821 1248 solvendum

188 1288 430 1341 proposuit,
464 1283 589 1325 Judd.
622 1298 716 1339 cap.
744 1284 866 1334 XIV,
893 1285 954 1325 14.
986 1309 1039 1315 —-
1071 1284 1231 1334 Vides,
1262 1285 1330 1334 id,
1366 1285 1477 1339 quod
1509 1286 1663 1339 magna
1696 1286 1821 1340 copia

186 1373 311 1419 atque
343 1366 544 1405 varietate
568 1365 616 1418 in
642 1361 831 1404 Arabum
863 1365 983 1418 poesi
1013 1371 1220 1417 superest,
1251 1363 1361 1416 apud
1394 1361 1616 1404 Hebraeos
1649 1364 1822 1405 nonnisi

188 1442 368 1494 sparsim
413 1441 708 1495 frustatimque
754 1443 954 1496 reperiri;
1003 1456 1160 1496 quare,
1213 1442 1249 1481 si
1287 1439 1564 1481 similitudine
1604 1443 1665 1482 uti
1703 1440 1819 1493 licet,

188 1520 339 1573 poesin
363 1518 588 1560 Arabicam
617 1519 789 1559 domum
821 1519 1001 1574 amplam
1032 1529 1159 1575 atque
1179 1517 1473 1574 magnificam,
1506 1519 1703 1561 omnibus
1730 1521 1821 1562 suis

187 1596 377 1650 partibus
409 1599 641 1652 integram,
683 1607 841 1638 sartam
873 1607 1110 1653 tectamque
1140 1598 1344 1645 dixerim3
1387 1597 1643 1638 Hebraicam
1674 1607 1824 1639 contra

189 1674 442 1729 magnificae
474 1676 624 1716 domus
654 1677 848 1726 ruinam,
891 1678 1013 1730 cujus
1045 1685 1260 1717 structura
1292 1674 1357 1716 vel
1391 1690 1475 1717 non
1506 1674 1724 1726 absoluta,
1755 1675 1820 1716 vel

191 1763 426 1808 temporum
458 1756 617 1808 injuria
651 1753 837 1809 collapsa
866 1754 971 1805 fuit,
1003 1755 1060 1794 ita
1092 1764 1136 1794 ut
1168 1755 1338 1794 nonnisi
1369 1755 1536 1795 modica
1566 1756 1820 1796 inconcussa

190 1842 270 1872 stet
299 1847 419 1886 pars,
462 1844 602 1873 cetera
634 1834 787 1873 rudera
818 1844 944 1887 atque
975 1821 1226 1886 fragmenta.
1290 1830 1489 1873 Ceterum
1523 1835 1716 1887 quamvis
1747 1846 1820 1873 co-

190 1912 432 1963 piosissima
472 1912 526 1950 sit
557 1910 743 1951 Arabum
779 1912 943 1964 poesis,
987 1921 1125 1949 tamen
1167 1912 1207 1949 in
1252 1924 1303 1949 eo
1344 1925 1437 1950 cum
1470 1910 1688 1950 Hebraica
1719 1924 1823 1950 con-

192 1989 328 2037 venit,
371 1989 479 2041 quod
515 1998 688 2042 utraque
733 1997 774 2027 et
814 1988 945 2040 epicis
985 1995 1026 2026 et
1057 1988 1299 2028 dramaticis
1331 1987 1588 2028 carminibus
1620 1988 1821 2028 destituta

190 2067 259 2106 sit.
329 2065 465 2105 Fuere
499 2067 694 2119 quidem,
741 2067 809 2119 qui
851 2064 917 2104 vel
959 2074 1203 2119 utrumque,
1252 2065 1316 2105 vel
1349 2065 1596 2106 alterutrum
1641 2071 1819 2120 poeseos

190 2158 325 2198 genus
357 2143 569 2184 Hebraeis
591 2143 889 2198 Arabibusque
923 2143 1137 2184 vindicare
1173 2143 1348 2192 vellent,
1379 2145 1452 2184 sed
1486 2159 1632 2198 parum
1664 2143 1819 2199 proba-

190 2221 345 2262 bilibus
390 2222 635 2262 rationibus.
724 2221 890 2260 Etenim
935 2224 970 2261 si
1016 2235 1107 2260 cum
1152 2222 1375 2275 Angustia
1413 2227 1480 2272 ⁸⁴)
1522 2222 1817 2263 Hebraeorum

187 2300 552 2348 Pentatemdmm,
597 2309 637 2338 et
679 2314 771 2339 cum
803 2298 982 2339 Jouese‘o
1016 2301 1082 2350 Μ)
1115 2299 1448 2340 Αν·αὸ.νε]ιι”ιι(ιάε
1479 2300 1705 2340 historiam
1743 2300 1817 2341 Ti-

190 2380 303 2417 mure‘
322 2378 465 2430 epicam·
488 2379 602 2430 poesi
628 2357 901 2426 adnumeres,
936 2378 1132 2418 omnibus
1158 2377 1344 2431 legibus,
1378 2391 1479 2430 quas
1500 2378 1601 2417 artis
1626 2379 1816 2431 poeticae

191 2456 380 2507 magistri
432 2455 483 2494 dc
534 2456 768 2494 carminum
809 2457 1023 2509 epicorum
1066 2454 1207 2495 indole
1261 2463 1300 2493 et
1352 2456 1515 2494 ratione
1560 2463 1812 2505 statuerunt,

247 2620 319 2664 84)
355 2622 600 2659 introductio
633 2623 722 2660 hist.
756 2623 841 2660 crit.
876 2624 913 2660 in
948 2624 1030 2660 vet.
1063 2624 1242 2660 Testum.
1276 2624 1369 2660 edit.
1405 2626 1452 2669 n,
1488 2639 1523 2673 p.
1560 2623 1810 2662 137-148.

246 2685 316 2737 δι’»)
341 2689 515 2727 vocs-eos
541 2690 745 2727 Asiaticae
769 2691 1035 2728 commentarii
1062 2705 1107 2728 ex
1135 2691 1363 2728 Eichhornii
1397 2691 1491 2728 edit.
1523 2690 1810 2741 p.238—-240.
