1958 2947
249 135 302 170 De
333 142 546 183 argu-mento
576 136 798 183 diversisque
827 137 1016 183 qeneribus
1044 138 1250 174 carminum
1281 136 1558 173 Hebraicorum.
1669 138 1720 176 59

100 252 192 298 post
229 252 405 283 mortem
450 242 561 283 beati
601 245 896 297 praedicandi3
941 246 1090 298 injusti
1128 256 1276 287 contra
1313 256 1356 287 et
1395 247 1522 286 vitam
1565 246 1722 300 degunt

99 323 406 371 miserrimam,
439 330 480 361 et
503 330 597 376 post
621 321 782 362 obitum
812 324 1076 377 gravissimis
1103 324 1206 364 diris
1229 324 1478 365 obruuntur.
1529 323 1722 365 Pruden-

99 411 163 441 ter
194 401 235 440 in
266 401 380 440 omni
411 401 581 454 negotio
614 400 890 447 versandum3
925 402 1118 454 prudenti
1147 416 1326 457 namque
1357 401 1535 443 consilio
1566 404 1722 457 optima

99 493 291 533 quaeque
319 479 588 532 adsequeris,
630 479 914 533 imprudentia
944 489 1088 519 contra
1121 482 1289 520 nonnisi
1319 482 1596 535 ignominiam
1628 496 1723 536 per-

99 558 335 612 niciemque
366 558 487 610 parit.
548 555 641 596 Deo
665 555 985 607 confidendum,
1017 559 1136 610 cujus
1159 557 1320 598 auxilio
1350 558 1569 601 bominum
1595 575 1723 601 cona-

98 636 214 675 mina
253 637 407 689 optime
445 637 695 689 procedunt3
747 636 843 675 rixa
880 635 1202 686 abstinendum,
1255 651 1457 690 pauperes
1493 653 1576 679 non
1618 654 1722 680 con-

97 714 337 764 temnendi,
369 714 552 755 ebrietas
580 715 805 768 fugienda,
833 715 984 767 inopes
1017 728 1099 754 non
1132 716 1423 768 opprimendi,
1456 731 1577 771 reges
1600 726 1722 772 atque

97 801 291 845 potentes
314 794 506 843 cavendi,
539 793 699 834 divitiis
733 807 816 833 non
849 791 1113 842 inhiandum,
1147 801 1188 832 et
1221 802 1373 834 cetera.
1441 794 1592 835 Tertia
1619 809 1721 849 pro-

97 868 338 911 verbiorum
373 885 482 925 pars·
532 873 652 927 (cap.
686 871 822 912 XXV
846 895 901 901 —
931 870 1119 923 XXIX)
1172 871 1328 911 similia
1371 872 1722 927 praecedentibus

97 950 284 988 continet
315 959 558 1004 praecepta,
593 965 698 1004 quae
729 950 903 1005 longum
934 959 1047 990 esset
1077 948 1243 1003 singula
1274 965 1511 992 recensere.
1571 951 1723 1006 Agitur

96 1027 289 1080 inprimis
321 1028 373 1067 de
405 1043 550 1082 regum
584 1028 832 1077 virtutibus,
865 1028 916 1067 de
947 1030 1102 1068 misera
1133 1028 1355 1069 stultorum
1385 1040 1522 1080 sorte,
1561 1030 1613 1070 de
1647 1031 1722 1070 de-

97 1105 234 1154 sidia,
287 1104 587 1157 simulatione,
637 1108 852 1156 amicitia,
903 1107 964 1146 rei
1005 1104 1228 1146 familiaris
1273 1108 1399 1157 cura,
1451 1106 1720 1158 liberalitate,

98 1180 278 1237 aliisque
310 1183 532 1224 virtmibus
573 1194 696 1239 atque
738 1186 864 1225 vitiis.
936 1183 1002 1224 Ad
1041 1184 1251 1238 duplicem
1296 1186 1403 1238 quod
1445 1186 1605 1226 adtinet
1643 1187 1721 1226 ad·-

90 1260 341 1314 pende'cem,
373 1264 454 1316 qua
485 1263 802 1316 proverbiorum
834 1261 942 1302 liber
973 1261 1196 1312 clauditur,
1229 1264 1335 1317 (cap.
1357 1261 1511 1312 XXX,
1545 1261 1723 1316 XXXI)

96 1337 279 1380 sufficiat
314 1342 559 1391 monuisse,
614 1343 657 1381 in
697 1342 889 1381 extrema
929 1342 1176 1395 posterioris
1218 1349 1337 1395 parte
1377 1342 1524 1381 uxoris
1565 1340 1722 1395 probae

97 1418 273 1459 virtut-es
303 1417 533 1474 laudesque
566 1418 884 1474 elegantissimo
915 1421 1100 1460 carmine
1134 1419 1384 1473 praedicari.

792 1555 829 1603 ξ.
869 1552 1025 1593 XXX.

213 1653 281 1693 Ad
315 1652 632 1706 proverbiorum
665 1652 847 1702 librum,
898 1660 1191 1706 argumentum
1223 1652 1260 1691 si
1289 1659 1479 1705 spectes,
1529 1655 1720 1705 proxime

100 1731 262 1771 accedit
290 1729 532 1780 Koheletle,
573 1733 663 1772 sive
694 1730 1008 1781 Ecclescastes‚
1049 1731 1201 1784 quippe
1232 1731 1302 1785 qui
1333 1743 1528 1785 magnam
1560 1742 1722 1784 partem

101 1823 156 1850 ex
187 1809 397 1862 ejusmodi
428 1811 673 1859 sententiis,
712 1808 856 1863 quales
888 1807 1208 1862 proverbiorum
1240 1807 1416 1848 exhibet
1446 1806 1579 1856 liber,
1619 1823 1720 1849 con-

98 1886 224 1927 flatus
248 1896 324 1927 est.
385 1885 538 1928 Omnis
561 1898 699 1928 autem
730 1887 1021 1927 Ecclesia-eles
1044 1885 1207 1926 duabus
1234 1887 1497 1940 potissimum
1521 1887 1723 1940 parlc‘bus

100 1973 143 2006 et
171 1967 343 2020 epilogo
373 1965 622 2007 absolvitur.
681 1967 816 2006 Prior
844 1965 951 2006 libra·
971 1979 1081 2019 pars
1112 1965 1221 2019 (cap.
1250 1963 1270 2004 Ι
1290 1987 1340 1995 —··
1359 1963 1437 2014 lv,
1472 1967 1544 2017 16)
1574 1967 1617 2005 in
1650 1966 1721 2006 de-

100 2045 373 2084 monstranda
399 2058 539 2084 rerum
564 2044 839 2085 humanarum
863 2045 1044 2084 vanitate
1071 2052 1274 2083 versatur.
1333 2042 1555 2096 Proposito
1583 2045 1723 2097 dispu-

102 2123 273 2162 tationis
314 2132 591 2176 argumento,
643 2137 750 2162 vana
791 2137 884 2163 esse
924 2123 1066 2163 omnia
1105 2131 1229 2176 atque
1268 2122 1437 2172 inania,
1487 2123 1721 2162 sententiae

101 2197 230 2252 hujus
266 2201 421 2241 veritas
453 2210 540 2241 tum
572 2215 624 2241 ex
657 2203 856 2241 universa
887 2215 1026 2242 rerum
1067 2201 1238 2248 natura,
1289 2208 1375 2239 tum
1416 2214 1469 2240 ex
1503 2200 1720 2240 hominum

100 2261 250 2317 studiis
290 2286 416 2332 atque
454 2277 674 2319 laboribus
717 2278 930 2334 probatur.
1006 2277 1054 2319 In
1097 2292 1239 2319 rerum
1281 2280 1432 2319 natura
1472 2277 1531 2318 nil
1571 2277 1721 2318 stabile

103 2364 229 2409 atque
261 2365 483 2407 constans,
514 2359 657 2397 omnia
687 2357 865 2397 eundem
899 2370 970 2410 per
1001 2356 1146 2396 orbem
1176 2358 1220 2395 in
1247 2366 1463 2397 aeternum
1486 2363 1721 2396 moventur.

103 2432 229 2473 Haud
254 2433 404 2474 melior
424 2449 562 2474 rerum
582 2434 862 2475 humanarum
885 2435 1084 2476 conditio.
1146 2434 1346 2475 Tradidit
1376 2449 1420 2474 se
1452 2433 1549 2474 libri
1579 2440 1721 2471 auctor

104 2513 334 2565 sapientiae
366 2514 549 2566 primum
581 2514 745 2560 studi03
798 2513 872 2553 sed
912 2526 1059 2567 parum
1092 2512 1227 2552 bonae
1265 2513 1400 2567 frugis
1431 2511 1528 2551 inde
1557 2507 1721 2556 retulit3

105 2602 285 2643 namque
316 2605 397 2645 quo
430 2591 566 2645 magis
597 2591 832 2631 doctrinam
865 2600 988 2645 atque
1018 2591 1266 2644 sapientiam
1297 2603 1476 2644 augeas,
1509 2602 1559 2627 eo
1588 2589 1722 2642 magis

107 2675 150 2707 et
174 2681 300 2707 curae
324 2677 449 2722 atque
479 2666 720 2710 sollicitudo
751 2678 971 2724 augentur.
1031 2669 1185 2710 Postea
1214 2681 1412 2710 sensuum
1440 2664 1722 2720 voluptatibus
