1989 3021
701 142 1177 191 PraefntiO.
1670 139 1747 181 Vll

134 267 470 323 habebamus,
535 266 710 327 quibus
768 266 830 312 (le
887 265 1226 312 lucubratione
1284 262 1449 311 nostra
1503 267 1749 313 sententia

133 342 338 414 ferenda
375 374 494 412 erat.

270 465 500 514 Ceterum
558 465 642 512 ubi
699 465 1092 511 lucubrationem
1154 465 1337 512 hancce
1393 466 1577 527 publici
1623 467 1749 527 Juris

139 569 367 624 facimus,
426 565 558 612 haud
614 565 809 612 silentio
866 580 1126 628 possumus
1182 566 1475 628 praeterire,
1533 567 1748 628 primum

133 671 240 731 eJus
274 677 445 731 caput,
482 664 614 729 quod
645 666 707 713 de
743 667 930 727 origine
967 676 1016 713 et
1048 667 1205 714 causis
1240 668 1446 729 poeseos
1469 664 1748 713 Hebraicae

135 777 336 826 tractat,
373 782 560 814 novam
597 780 662 812 ex
701 776 844 829 parte
874 767 1093 814 induisse
1126 767 1362 824 formam,
1399 767 1649 814 diversam
1684 768 1745 814 ab

135 868 242 926 illa,
280 884 427 931 quam
461 866 825 929 autographum
866 877 1116 925 nostrum,
1152 869 1330 930 Regiae
1366 869 1746 930 inscriptionum

132 969 432 1018 Academiae
476 969 848 1027 transmissum,
894 968 1179 1016 exhibebat.
1270 968 1496 1031 Namque
1539 969 1640 1017 illic
1685 969 1748 1016 de

134 1068 454 1117 Pentateuchi
501 1069 689 1128 origine
740 1070 955 1131 artisque
1011 1069 1259 1115 scribendi
1305 1068 1440 1132 apud
1488 1069 1747 1117 Hebraeos

131 1171 282 1216 initiis
319 1168 705 1231 disputavimus3
753 1169 804 1213 in
850 1167 945 1229 qua
980 1168 1317 1230 disputatione
1361 1171 1422 1216 iis
1457 1170 1509 1215 in
1545 1170 1746 1217 univer-

131 1285 239 1317 sum
276 1270 440 1315 innixi
487 1282 658 1314 sumus
694 1267 1058 1326 fundamentis,
1106 1284 1230 1331 quae
1267 1271 1374 1330 Jam
1412 1285 1442 1316 a
1473 1270 1656 1316 Vatero
1693 1271 1747 1316 in

135 1368 508 1417 Commentario
554 1369 605 1414 in
643 1368 1032 1416 Pentateuchum
1066 1371 1204 1430 Jacta
1248 1369 1471 1427 fuerant,
1525 1385 1746 1432 quaeque

136 1470 583 1532 inpraesentiarum
609 1484 756 1530 quam
788 1470 1012 1532 plurimis
1035 1470 1333 1517 Germaniae
1362 1469 1603 1532 theologis
1632 1486 1746 1534 pro-

135 1570 329 1616 bantur.
387 1568 558 1630 Neque
589 1578 759 1616 tamen
788 1570 971 1632 placita
1007 1579 1177 1617 nostra
1209 1571 1269 1616 de
1292 1570 1613 1617 Pentateuchi
1650 1572 1746 1617 ori-

132 1671 242 1730 gine
287 1668 583 1715 doctissimis
631 1670 985 1717 lucubrationis
1029 1679 1226 1717 nostrae
1275 1672 1473 1716 arbitris
1518 1671 1745 1717 adrisisse

133 1768 381 1816 videntur.
471 1768 696 1830 Namque
748 1785 860 1816 cum
906 1771 1201 1832 opusculum
1250 1778 1476 1818 nostrum
1522 1772 1746 1833 praemio

132 1868 410 1915 ornandum
448 1877 728 1926 censerent,
764 1871 1040 1917 monebant
1073 1871 1245 1926 simul,
1286 1886 1392 1918 sese
1427 1872 1479 1917 in
1515 1870 1744 1918 faciendo

125 1969 313 2031 judicio
368 1968 664 2030 placitorum
717 1970 913 2017 illorum
969 1971 1156 2018 nullam
1200 1971 1428 2018 habuisse
1482 1973 1743 2019 rationem.

133 2066 275 2124 Quod
309 2077 564 2116 tantorum
602 2070 822 2116 virorum
853 2069 1095 2131 Judicium
1128 2086 1220 2118 nos
1255 2071 1481 2129 induxit,
1519 2081 1588 2129 ut,
1620 2087 1744 2134 quae

130 2168 192 2215 de
229 2169 546 2215 Pentateuchi
579 2170 764 2230 origine
802 2171 1016 2232 artisque
1051 2171 1297 2218 scribendi
1332 2172 1466 2235 apud
1488 2172 1745 2219 Hebraeos

131 2269 281 2315 initiis
307 2268 767 2331 disputaveramus,
801 2271 853 2315 in
886 2270 1079 2317 edendo
1110 2272 1277 2318 libello
1310 2274 1744 2335 supprimeremuS,

131 2370 280 2431 inque
315 2368 513 2415 illorum
553 2370 714 2415 locum
753 2369 1145 2433 disquisitionem
1195 2372 1256 2418 de
1293 2381 1457 2419 aetate
1495 2373 1605 2419 Jobi
1641 2388 1742 2419 car-

134 2469 421 2529 minumque
474 2469 854 2529 nonnullorum,
899 2473 951 2516 in
992 2471 1243 2519 Geneseos
1290 2473 1414 2519 libro
1462 2475 1740 2530 obviorum,

130 2569 551 2616 substitueremus.
611 2567 717 2625 Qua
748 2572 1023 2618 mutatione
1060 2572 1178 2618 nihil
1216 2574 1267 2618 in
1298 2575 1368 2620 rei
1404 2571 1599 2619 summa
1635 2589 1742 2622 mu-
