1968 3095
1574 120 1595 133 Κ

188 149 271 186 216
802 146 896 180 Pars
926 144 993 181 JV.
1054 144 1143 191 Cap.
1176 143 1206 179 1.

192 271 267 299 nes
297 255 497 307 scribone
551 254 658 307 apud
700 266 799 292 suos
828 252 1059 306 composita
1098 253 1366 291 occurrunt.“
1425 247 1593 291 Similia
1631 252 1744 294 idem
1774 254 1820 294 in

196 335 456 391 praefatione
488 323 530 371 in
553 330 705 372 Jobum
729 330 879 370 tradit:
911 344 964 379 „a
987 331 1192 384 principio
1214 327 1443 369 voluminis
1464 343 1595 384 usque
1618 331 1670 371 ad
1690 331 1821 373 verba
1875 314 1882 320 ‚

194 412 302 461 Job,
343 411 450 465 apud
483 408 706 450 Hebraeos
746 422 873 463 prosa
913 409 1048 448 oratio
1093 416 1180 455 est3
1226 419 1350 461 porro
1392 420 1416 445 a
1448 406 1590 447 verbis
1629 407 1737 460 Job,
1777 412 1822 450 in

197 491 347 544 quibus
378 491 458 528 ait:
493 494 636 542 pereat
665 487 782 536 dies,
812 488 854 525 in
880 486 962 540 qua
994 495 1114 527 natus
1147 500 1261 534 sum,
1292 493 1334 524 et
1358 498 1468 535 nox,
1500 486 1542 524 in
1565 487 1647 540 qua
1667 487 1823 529 dictum

198 576 282 615 est,
324 576 551 619 conceptus
584 575 646 604 est
678 564 828 615 homo,
869 580 1000 620 usque
1035 566 1085 604 ad
1120 578 1214 603 eum
1258 560 1422 611 locum,
1461 562 1533 602 ubi
1564 574 1660 603 ante
1692 563 1823 607 finem

200 643 429 684 voluminis
452 646 652 697 scriptum
684 652 769 683 est:
801 642 960 682 idcirco
980 644 1068 694 ipse
1100 654 1166 680 me
1198 638 1486 694 reprehendo,
1515 650 1556 681 et
1578 655 1659 697 ago
1679 645 1826 697 poeni·

200 723 372 761 tentiam
406 724 447 762 in
473 720 618 761 favilla
641 730 680 760 et
712 723 880 770 cinere,
914 719 1153 760 hexametri
1187 732 1333 759 versus
1363 729 1483 772 sunt,
1514 719 1680 774 dactylo
1701 735 1827 777 spon-

200 802 363 855 deoque
394 810 639 850 currentes‚
671 809 711 839 et
746 808 914 853 propter
943 797 1114 852 linguae
1144 799 1300 837 idioma
1325 796 1474 837 crebro
1505 800 1759 853 accipientes
1774 808 1828 845 ,et

201 878 308 919 alios
334 880 483 932 pedes,
517 892 600 918 non
634 878 861 916 earundem
894 874 1177 930 syllabarum,
1218 875 1292 916 sed
1321 877 1553 917 eorundem
1581 885 1830 932 temporum.
1886 909 1891 913 -

201 957 417 996 Interdum
452 969 617 1010 quoque
644 954 864 1008 rhythmus
888 957 980 1009 ipse
1003 953 1137 994 dulcis
1166 962 1206 993 et
1239 953 1426 995 tinnulus
1457 954 1611 1006 fertur,
1643 959 1832 999 numeris

204 1035 355 1088 pedum
392 1033 564 1080 solutis;
608 1034 716 1087 quod
755 1034 916 1073 metrici
952 1033 1111 1086 magiS,
1143 1045 1265 1085 quam
1299 1032 1481 1086 simplex
1514 1032 1672 1084 lector,
1702 1033 1830 1076 intel-

202 1111 351 1166 ligunt.
375 1138 425 1143 -—
451 1136 498 1142 —-
524 1136 576 1141 —-
609 1110 773 1159 Quodsi
796 1112 861 1150 cui
887 1111 1052 1151 videtur
1075 1109 1364 1160 incredulum,
1398 1120 1530 1150 metra
1555 1110 1717 1153 scilicet
1737 1127 1832 1154 esse

203 1191 313 1244 apud
337 1189 587 1241 Hebraeos,
620 1198 660 1230 et
690 1191 732 1229 in
770 1203 928 1230 morem
963 1190 1096 1228 nostri
1124 1186 1283 1229 Flacci
1309 1187 1544 1243 Graecique
1572 1191 1767 1232 Pindari
1788 1201 1831 1232 et

205 1268 369 1309 Alcaei
396 1280 437 1309 et
470 1267 673 1323 Sapphus·
704 1267 769 1308 vel
798 1265 1069 1322 psalterium,
1113 1265 1179 1305 vel
1207 1265 1531 1308 lamentationes
1560 1267 1829 1318 Hieremiae,

208 1344 272 1384 vel
304 1348 445 1385 omnia
475 1347 607 1386 ferme
640 1347 948 1400 Scripturarum
982 1345 1146 1384 cantica
1174 1343 1494 1397 comprehendi,
1535 1342 1650 1400 legat
1677 1346 1833 1388 Philo-

208 1437 324 1472 nem,
359 1422 613 1478 ,Ios-epham,
659 1425 912 1478 origenem,
959 1422 1282 1462 Caesariensem
1312 1421 1570 1473 Eusebium,
1613 1433 1832 1465 et-eoru‘m

209 1504 489 1552 testimoniis,
524 1517 588 1542 me
620 1516 763 1541 verum
799 1503 962 1549 dicere,
996 1499 1338 1553 comprobabit.“
1401 1500 1591 1542 Eusebio
1612 1511 1653 1542 et
1674 1502 1835 1543 Hiero-

209 1593 330 1633 nymo
354 1581 557 1620 accedunt
579 1566 879 1634 Augustinus,
912 1578 1111 1619 Isidorus
1141 1578 1418 1631 Hispalensis
1446 1579 1624 1635 aliique,
1656 1595 1832 1636 quorum

209 1657 382 1713 longum
407 1667 519 1699 esset
542 1658 591 1698 ad
618 1657 790 1698 verbum
817 1671 1065 1697 enumerare
1097 1658 1328 1697 sententias
1353 1658 1435 1709 ⁹⁹).

891 1773 928 1821 ς.
972 1769 1155 1811 cxvn.

296 1860 532 1902 Tantorum
554 1862 737 1900 virorum
761 1861 794 1899 si
819 1861 911 1916 quis
936 1862 1131 1914 inspiciat
1153 1861 1410 1908 testimonia,
1433 1858 1555 1898 facile
1578 1861 1718 1900 induci
1739 1875 1840 1914 pos-

211 1941 281 1987 sit,
300 1948 342 1978 ut
359 1939 650 1978 Hebraeorum
673 1938 859 1976 carmina
880 1938 1027 1977 iisdem
1050 1937 1215 1991 legibus
1240 1937 1423 1976 metricis
1438 1946 1562 1990 atque
1578 1936 1836 1978 Graecorum

213 2027 335 2071 atque
356 2016 640 2056 Romanorum
664 2020 858 2068 poemata
879 2015 1080 2054 adstricta
1102 2016 1336 2060 existimem
1372 2027 1513 2053 verum
1533 2016 1569 2054 si
1591 2029 1676 2054 rem
1702 2017 1836 2069 ipsam

215 2094 459 2148 diligentius
484 2095 805 2141 examinaverit,
828 2092 919 2131 fleri
947 2091 1055 2132 haud
1079 2093 1353 2146 poterit‚quin
1374 2091 1495 2132 aliter
1521 2094 1689 2141 sentiat,
1712 2107 1836 2148 quam

217 2183 410 2212 auctores
434 2171 491 2211 illi
517 2173 713 2210 statuisse
746 2172 953 2210 videntur.
1016 2169 1234 2224 Nautaque,
1264 2171 1372 2223 quod
1404 2172 1534 2223 primo
1567 2173 1837 2222 monendum,

216 2263 321 2303 quae
361 2250 411 2288 de
454 2250 627 2288 metrica
666 2251 901 2288 carminum
941 2248 1250 2288 llebraicorum
1292 2248 1426 2287 forma
1472 2247 1630 2288 laudati
1668 2250 1840 2290 tradunt

218 2337 437 2377 auctores,
471 2326 598 2367 nullis
629 2325 838 2367 illustrant
870 2326 1100 2380 exemplis,
1145 2328 1254 2366 unde
1287 2328 1522 2380 perspicere
1554 2319 1712 2379 possis,
1756 2328 1839 2381 qua

275 2473 348 2524 99)
384 2474 479 2510 vide
504 2474 643 2510 Frauc.
669 2475 828 2511 Gomari
853 2475 1107 2524 opusculum,
1142 2473 1244 2524 quod
1271 2472 1520 2510 inscribitur:
1553 2471 1717 2510 navidis
1740 2471 1840 2522 lyra,

334 2555 368 2578 s.
392 2554 493 2579 nova
517 2541 697 2578 Hebraea
720 2542 759 2577 S.
782 2541 1016 2590 scripturae
1042 2554 1106 2578 ars
1133 2540 1310 2591 poeticu3
1344 2540 1379 2576 iu
1404 2540 1521 2577 tertia
1551 2545 1660 2590 purte
1681 2552 1840 2590 operum

334 2608 597 2659 theologicor.
624 2623 657 2658 p.
681 2606 776 2654 388,
802 2606 897 2644 389.
930 2608 990 2644 δο-
1015 2608 1136 2644 Gottt.
1164 2607 1374 2657 Carpzovii
1396 2608 1608 2644 introduct.
1641 2607 1689 2643 ad
1717 2602 1847 2644 libros*

337 2676 550 2713 carronicos
575 2675 780 2713 bibliorum
807 2676 889 2712 t'et.
913 2675 1093 2712 Testum.
1119 2675 1210 2711 edit.
1235 2675 1282 2720 ll,
1313 2675 1355 2712 l‘.
1379 2676 1425 2721 ll,
1451 2689 1486 2725 p.
1510 2672 1686 2711 12—14.
