1958 2947
552 178 606 215 De
634 179 724 224 stylo
755 179 963 215 carminum
992 177 1275 215 Hebraicorum.
1640 180 1714 218 131

99 289 247 339 poetae
287 298 589 339 nonnunquam
627 286 673 326 in
715 284 821 327 alias
862 300 1028 341 quoque
1066 301 1135 328 res
1172 286 1456 336 transferunt,
1496 296 1538 327 ut
1577 287 1722 328 videre

101 372 166 404 est
195 362 366 405 Psalmo
393 361 539 413 XLV,
570 366 617 404 8:

659 452 755 486 mna
799 452 937 484 mmm
971 451 1059 497 pax
1091 451 1215 485 name

606 519 742 574 7¹³5&
772 521 907 565 iam-sb&
940 527 1066 575 ''tr-mm
1100 530 1146 573 ρ
1168 521 1220 564 bs>

756 604 959 656 evanum
993 608 1104 653 ῑτωω
1135 608 1222 654 77:127

374 672 532 729 Diligis
560 674 770 727 justitiam
801 684 843 716 et
871 677 1084 717 aversaris
1116 675 1450 730 improbitatem;

376 751 606 806 Propterea
637 755 759 794 auxit
785 763 826 795 te
855 753 1002 805 Deus,
1033 753 1152 794 Deus
1182 762 1304 804 tuus,

379 828 489 870 Oleo
519 828 706 871 laetitiae
736 847 838 887 prae
871 831 1092 874 sodalibus
1123 832 1219 872 tuis.

103 905 224 955 Quae
255 906 335 947 hoe
366 905 461 946 loco
494 906 673 948 habetur
702 907 888 961 locutio,
921 908 1017 950 oleo
1044 909 1232 950 laetitiae
1261 923 1445 965 ungere,
1474 909 1588 950 idem
1606 918 1729 949 sonat

102 992 226 1038 atque
268 982 430 1024 laetitia
468 985 678 1040 gaudiove
719 985 906 1028 afficere.
970 987 1112 1029 Possit
1150 989 1320 1042 quidem
1361 987 1520 1029 locutio
1562 985 1637 1026 illa
1675 986 1727 1027 ab

103 1063 155 1101 ea
189 1076 353 1117 quoque
384 1064 606 1113 unctione,
639 1078 746 1118 quae
775 1066 819 1105 in
852 1067 1062 1106 conviviis
1086 1063 1336 1105 lautioribus
1363 1063 1501 1105 locum
1527 1063 1728 1115 habebat,

104 1139 309 1186 derivari3
360 1151 506 1180 verum
555 1155 649 1181 cum
689 1152 985 1197 argumentum
1025 1141 1182 1184 Psalmi
1223 1143 1267 1181 in
1310 1140 1575 1183 celebrandis
1614 1144 1730 1198 regis

103 1218 325 1271 cujusdam
348 1217 572 1259 virtutibus
598 1229 802 1271 versetur,
835 1219 1054 1261 solennem
1083 1221 1221 1275 potius
1252 1219 1369 1261 illam
1398 1234 1544 1276 regum
1569 1221 1731 1261 unctio-

104 1309 226 1346 nem,
267 1309 373 1350 quae
403 1297 445 1336 in
478 1310 695 1338 sacrorum
725 1300 879 1340 rituum
911 1313 1088 1340 numero
1118 1297 1377 1350 habebatur,
1421 1313 1447 1339 a
1472 1299 1599 1353 poeta
1629 1312 1728 1354 spe-

105 1382 258 1415 ctatam
286 1373 418 1414 fuisse
451 1375 797 1430 existimaverim.

783 1512 821 1560 ς.
858 1509 1047 1551 Lxxv.

222 1610 355 1650 Porro
386 1610 512 1649 etiam
552 1623 608 1649 ex
639 1611 778 1664 prisca
808 1611 945 1665 gentis
987 1624 1088 1650 suae
1121 1609 1326 1661 historia,
1372 1611 1463 1651 sive
1504 1612 1731 1652 traditione

111 1688 315 1729 orationis
347 1701 449 1727 suae
480 1685 641 1727 lumina
664 1685 960 1727 Hebraeorum
990 1693 1141 1742 poetae
1174 1697 1336 1743 petunt.
1382 1687 1429 1729 In
1463 1691 1733 1742 antiquorum

113 1776 347 1820 temporum
385 1763 513 1805 rebus
555 1764 615 1805 nil
655 1766 821 1818 majus,
872 1763 934 1805 nil
985 1765 1304 1807 memorabilius
1342 1765 1556 1807 Hebraeis
1595 1768 1734 1807 visum

109 1844 212 1894 fuit,
259 1856 383 1898 quam
422 1844 553 1883 mirus
594 1842 666 1883 ille
697 1858 750 1883 ex
784 1842 979 1898 Aegypto
1010 1857 1230 1898 egressus3
1275 1859 1355 1898 quo
1396 1853 1584 1898 tempore
1614 1844 1733 1886 Deus

112 1922 461 1963 manifestissima
506 1923 661 1962 amoris
710 1922 776 1961 sui
824 1922 866 1960 in
915 1920 1114 1976 populum
1156 1921 1432 1963 Israeliticum
1481 1923 1734 1963 documenta

113 2001 297 2042 edidisse
335 1999 572 2053 putabatur.
641 1997 834 2055 Namque
874 2001 1138 2055 gravissimis
1177 1999 1523 2056 castigationibus
1551 2000 1735 2055 Aegypti

115 2092 260 2133 regem
293 2085 578 2131 permoverat,
609 2086 656 2118 ut
685 2077 753 2117 vel
781 2079 937 2118 invitus
967 2076 1166 2132 populum
1189 2077 1450 2118 Hebraicum
1480 2079 1732 2125 dimitteret;

114 2155 280 2198 salvum
320 2154 471 2195 deinde
512 2168 588 2208 per
617 2156 781 2196 medios
821 2157 950 2196 maris
983 2156 1208 2210 Erythraei
1244 2154 1396 2195 fluctus
1436 2156 1616 2196 eundem
1658 2169 1736 2210 po-

96 2214 260 2289 )pulum
289 2235 536 2287 trajecerat,
577 2233 884 2288 Aegyptiorum
915 2243 1063 2275 contra
1093 2235 1323 2275 exercitum
1363 2233 1486 2274 undis
1517 2233 1735 2280 obruerat;

117 2311 270 2365 quibus
309 2310 436 2352 rebus
474 2311 725 2367 apparebat,
779 2325 903 2367 quam
948 2325 1069 2352 caros
1119 2321 1396 2366 acceptosque
1435 2310 1553 2350 Deus
1595 2308 1739 2364 populi

116 2387 344 2429 Israelitici
376 2391 559 2442 majores
590 2389 798 2430 habuerit.
860 2386 981 2436 Quae
1013 2390 1169 2429 amoris
1197 2389 1428 2443 auxiliique
1459 2388 1592 2428 divini
1622 2388 1738 2427 testi-

118 2467 263 2507 monia
295 2480 379 2506 non
421 2476 592 2520 potuere
623 2468 916 2508 Hebraeorum
952 2468 1104 2508 animis
1140 2480 1223 2507 non
1262 2466 1506 2515 obversari,
1547 2466 1738 2518 quoties-

121 2558 286 2599 cunque
332 2528 614 2599 temporibus'
642 2545 963 2600 insequentibus
1011 2544 1138 2585 rebus
1194 2545 1384 2585 adversis
1431 2549 1736 2596 premerentur,

122 2621 355 2677 auxiliique
385 2623 518 2663 divini
555 2623 808 2678 indigerent.
876 2622 1018 2672 Quare
1048 2631 1090 2663 et
1118 2621 1414 2663 Hebraeorum
1446 2624 1619 2674 poetae,
1649 2632 1740 2659 ma-

125 2700 240 2740 xime
269 2712 376 2741 vero
403 2698 674 2754 prophetae,
701 2700 868 2755 quando
904 2702 1066 2742 tristem
1104 2698 1248 2754 populi
1287 2699 1354 2738 sui
1390 2705 1547 2738 sortem
1574 2694 1739 2752 lugent,

1342 2779 1368 2815 9
1391 2779 1408 2799 Φ
