<?xml version="1.0" encoding="UTF-8"?>
<!DOCTYPE html PUBLIC "-//W3C//DTD XHTML 1.0 Transitional//EN"
    "http://www.w3.org/TR/xhtml1/DTD/xhtml1-transitional.dtd">
<html xmlns="http://www.w3.org/1999/xhtml" xml:lang="en" lang="en">
 <head>
  <title>
</title>
<meta http-equiv="Content-Type" content="text/html;charset=utf-8" />
  <meta name='ocr-system' content='tesseract 3.04.00' />
  <meta name='ocr-capabilities' content='ocr_page ocr_carea ocr_par ocr_line ocrx_word'/>
</head>
<body>
  <div class='ocr_page' id='page_1' title='image "./depoeseoshebraic00wenruoft_0105.png"; bbox 0 0 1958 2947; ppageno 0'>
   <div class='ocr_carea' id='block_1_1' title="bbox 279 134 1733 183">
    <p class='ocr_par' dir='ltr' id='par_1_1' title="bbox 279 134 1733 183">
     <span class='ocr_line' id='line_1_1' title="bbox 279 134 1733 183; baseline 0.006 -13"><span class='ocrx_word' id='word_1_1' title='bbox 279 134 332 171; x_wconf 90' lang='lat' dir='ltr'><strong>De</strong></span> <span class='ocrx_word' id='word_1_2' title='bbox 360 142 574 183; x_wconf 65' lang='lat' dir='ltr'><strong>argumento</strong></span> <span class='ocrx_word' id='word_1_3' title='bbox 604 136 828 182; x_wconf 79' lang='lat' dir='ltr'><em>diversisque</em></span> <span class='ocrx_word' id='word_1_4' title='bbox 856 136 1047 183; x_wconf 59' lang='lat' dir='ltr'><strong>grener-ibus</strong></span> <span class='ocrx_word' id='word_1_5' title='bbox 1077 137 1283 172; x_wconf 81' lang='lat' dir='ltr'><strong><em>carminum</em></strong></span> <span class='ocrx_word' id='word_1_6' title='bbox 1312 136 1564 175; x_wconf 82' lang='lat' dir='ltr'><strong>Arabicorum.</strong></span> <span class='ocrx_word' id='word_1_7' title='bbox 1680 140 1733 178; x_wconf 85' lang='lat'><strong>93</strong></span> 
     </span>
    </p>
   </div>
   <div class='ocr_carea' id='block_1_2' title="bbox 106 241 1734 536">
    <p class='ocr_par' dir='ltr' id='par_1_2' title="bbox 106 241 1734 536">
     <span class='ocr_line' id='line_1_2' title="bbox 109 241 1733 301; baseline 0.002 -17"><span class='ocrx_word' id='word_1_8' title='bbox 109 243 182 284; x_wconf 88' lang='lat' dir='ltr'><strong>dit.</strong></span> <span class='ocrx_word' id='word_1_9' title='bbox 243 241 309 284; x_wconf 83' lang='lat' dir='ltr'><strong>Ne</strong></span> <span class='ocrx_word' id='word_1_10' title='bbox 339 252 477 284; x_wconf 87' lang='lat' dir='ltr'><strong>tamen</strong></span> <span class='ocrx_word' id='word_1_11' title='bbox 509 244 754 294; x_wconf 81' lang='lat' dir='ltr'><strong>existimes,</strong></span> <span class='ocrx_word' id='word_1_12' title='bbox 803 246 1064 300; x_wconf 77' lang='lat' dir='ltr'><strong>antiquiores</strong></span> <span class='ocrx_word' id='word_1_13' title='bbox 1099 252 1258 284; x_wconf 87' lang='lat' dir='ltr'><strong>tantum</strong></span> <span class='ocrx_word' id='word_1_14' title='bbox 1287 243 1480 287; x_wconf 83' lang='lat' dir='ltr'>Arabum</span> <span class='ocrx_word' id='word_1_15' title='bbox 1509 251 1659 301; x_wconf 65' lang='lat' dir='ltr'><strong>poetas</strong></span> <span class='ocrx_word' id='word_1_16' title='bbox 1689 249 1733 288; x_wconf 93' lang='lat' dir='ltr'><strong>in</strong></span> 
     </span>
     <span class='ocr_line' id='line_1_3' title="bbox 107 306 1733 379; baseline 0.002 -17"><span class='ocrx_word' id='word_1_17' title='bbox 107 321 460 376; x_wconf 78' lang='lat' dir='ltr'><strong>descriptionibus</strong></span> <span class='ocrx_word' id='word_1_18' title='bbox 482 306 758 369; x_wconf 73' lang='lat' dir='ltr'><strong>excelluisse3</strong></span> <span class='ocrx_word' id='word_1_19' title='bbox 792 324 890 377; x_wconf 90' lang='lat' dir='ltr'><strong>quin</strong></span> <span class='ocrx_word' id='word_1_20' title='bbox 922 331 964 363; x_wconf 87' lang='lat' dir='ltr'><strong>et</strong></span> <span class='ocrx_word' id='word_1_21' title='bbox 992 324 1176 363; x_wconf 89' lang='lat' dir='ltr'><strong>seriores</strong></span> <span class='ocrx_word' id='word_1_22' title='bbox 1209 322 1321 364; x_wconf 87' lang='lat' dir='ltr'><strong>haud</strong></span> <span class='ocrx_word' id='word_1_23' title='bbox 1347 325 1544 379; x_wconf 84' lang='lat' dir='ltr'><strong>exiguam</strong></span> <span class='ocrx_word' id='word_1_24' title='bbox 1564 323 1733 366; x_wconf 91' lang='lat' dir='ltr'><strong>laudem</strong></span> 
     </span>
     <span class='ocr_line' id='line_1_4' title="bbox 106 399 1734 456; baseline 0.002 -17"><span class='ocrx_word' id='word_1_25' title='bbox 106 400 149 439; x_wconf 91' lang='lat' dir='ltr'><strong>in</strong></span> <span class='ocrx_word' id='word_1_26' title='bbox 183 400 263 440; x_wconf 86' lang='lat' dir='ltr'><strong>hoc</strong></span> <span class='ocrx_word' id='word_1_27' title='bbox 294 400 458 440; x_wconf 88' lang='lat' dir='ltr'><strong>dicendi</strong></span> <span class='ocrx_word' id='word_1_28' title='bbox 488 413 645 455; x_wconf 85' lang='lat' dir='ltr'><strong>genere</strong></span> <span class='ocrx_word' id='word_1_29' title='bbox 676 399 759 440; x_wconf 89' lang='lat' dir='ltr'><strong>sibi</strong></span> <span class='ocrx_word' id='word_1_30' title='bbox 792 401 1029 449; x_wconf 81' lang='lat' dir='ltr'><strong>vindicant3</strong></span> <span class='ocrx_word' id='word_1_31' title='bbox 1076 403 1188 441; x_wconf 84' lang='lat' dir='ltr'><strong>inter</strong></span> <span class='ocrx_word' id='word_1_32' title='bbox 1215 415 1319 455; x_wconf 85' lang='lat' dir='ltr'><strong>quos</strong></span> <span class='ocrx_word' id='word_1_33' title='bbox 1349 403 1600 456; x_wconf 82' lang='lat' dir='ltr'><strong>praeprimis</strong></span> <span class='ocrx_word' id='word_1_34' title='bbox 1629 402 1734 443; x_wconf 67' lang='lat' dir='ltr'><em>„Mo-</em></span> 
     </span>
     <span class='ocr_line' id='line_1_5' title="bbox 107 476 1731 536; baseline 0.002 -18"><span class='ocrx_word' id='word_1_35' title='bbox 107 477 294 518; x_wconf 67' lang='lat' dir='ltr'><strong>tauabbz·</strong></span> <span class='ocrx_word' id='word_1_36' title='bbox 319 486 359 517; x_wconf 88' lang='lat' dir='ltr'><strong>et</strong></span> <span class='ocrx_word' id='word_1_37' title='bbox 389 477 602 528; x_wconf 77' lang='lat' dir='ltr'><strong>Abulola,</strong></span> <span class='ocrx_word' id='word_1_38' title='bbox 645 491 820 531; x_wconf 91' lang='lat' dir='ltr'><strong>quorum</strong></span> <span class='ocrx_word' id='word_1_39' title='bbox 855 476 926 517; x_wconf 89' lang='lat' dir='ltr'><strong>ille</strong></span> <span class='ocrx_word' id='word_1_40' title='bbox 954 479 997 519; x_wconf 92' lang='lat' dir='ltr'><strong>in</strong></span> <span class='ocrx_word' id='word_1_41' title='bbox 1030 479 1319 520; x_wconf 86' lang='lat' dir='ltr'><strong>describendis</strong></span> <span class='ocrx_word' id='word_1_42' title='bbox 1359 481 1510 536; x_wconf 85' lang='lat' dir='ltr'><strong>pugnis</strong></span> <span class='ocrx_word' id='word_1_43' title='bbox 1542 481 1614 522; x_wconf 85' lang='lat' dir='ltr'><strong>vix</strong></span> <span class='ocrx_word' id='word_1_44' title='bbox 1641 482 1731 522; x_wconf 89' lang='lat' dir='ltr'><strong>cui-</strong></span> 
     </span>
    </p>
   </div>
   <div class='ocr_carea' id='block_1_3' title="bbox 104 556 907 610">
    <p class='ocr_par' dir='ltr' id='par_1_3' title="bbox 104 556 907 610">
     <span class='ocr_line' id='line_1_6' title="bbox 104 556 907 610; baseline 0 -14"><span class='ocrx_word' id='word_1_45' title='bbox 104 570 228 610; x_wconf 90' lang='lat' dir='ltr'><strong>quam</strong></span> <span class='ocrx_word' id='word_1_46' title='bbox 260 556 423 596; x_wconf 87' lang='lat' dir='ltr'><strong>videtur</strong></span> <span class='ocrx_word' id='word_1_47' title='bbox 450 570 544 596; x_wconf 88' lang='lat' dir='ltr'><strong>esse</strong></span> <span class='ocrx_word' id='word_1_48' title='bbox 577 556 907 610; x_wconf 84' lang='lat' dir='ltr'><strong>postponendus.</strong></span> 
     </span>
    </p>
   </div>
   <div class='ocr_carea' id='block_1_4' title="bbox 96 654 1730 1738">
    <p class='ocr_par' dir='ltr' id='par_1_4' title="bbox 96 654 1730 1738">
     <span class='ocr_line' id='line_1_7' title="bbox 218 654 1728 712; baseline 0.004 -16"><span class='ocrx_word' id='word_1_49' title='bbox 218 654 489 697; x_wconf 81' lang='lat' dir='ltr'><strong>Carminibus</strong></span> <span class='ocrx_word' id='word_1_50' title='bbox 517 655 671 710; x_wconf 88' lang='lat' dir='ltr'><strong>lepidis</strong></span> <span class='ocrx_word' id='word_1_51' title='bbox 700 657 952 697; x_wconf 81' lang='lat' dir='ltr'><strong>accensendi</strong></span> <span class='ocrx_word' id='word_1_52' title='bbox 986 657 1189 712; x_wconf 80' lang='lat' dir='ltr'><strong>apologi,</strong></span> <span class='ocrx_word' id='word_1_53' title='bbox 1222 661 1564 712; x_wconf 70' lang='lat' dir='ltr'><strong>epigrammata,</strong></span> <span class='ocrx_word' id='word_1_54' title='bbox 1606 664 1728 702; x_wconf 84' lang='lat' dir='ltr'><strong>aem&#39;-</strong></span> 
     </span>
     <span class='ocr_line' id='line_1_8' title="bbox 102 734 1730 791; baseline 0.003 -17"><span class='ocrx_word' id='word_1_55' title='bbox 102 740 278 790; x_wconf 69' lang='lat' dir='ltr'><strong>gwala,</strong></span> <span class='ocrx_word' id='word_1_56' title='bbox 319 734 494 790; x_wconf 75' lang='lat' dir='ltr'><strong>griphi,</strong></span> <span class='ocrx_word' id='word_1_57' title='bbox 535 734 701 790; x_wconf 83' lang='lat' dir='ltr'><strong>aliaque</strong></span> <span class='ocrx_word' id='word_1_58' title='bbox 732 735 774 774; x_wconf 91' lang='lat' dir='ltr'><strong>id</strong></span> <span class='ocrx_word' id='word_1_59' title='bbox 806 749 942 790; x_wconf 89' lang='lat' dir='ltr'><strong>genus</strong></span> <span class='ocrx_word' id='word_1_60' title='bbox 973 736 1207 789; x_wconf 66' lang='lat' dir='ltr'><strong>poematia,</strong></span> <span class='ocrx_word' id='word_1_61' title='bbox 1244 750 1419 791; x_wconf 87' lang='lat' dir='ltr'><strong>quarum</strong></span> <span class='ocrx_word' id='word_1_62' title='bbox 1450 738 1494 776; x_wconf 89' lang='lat' dir='ltr'><strong>in</strong></span> <span class='ocrx_word' id='word_1_63' title='bbox 1524 739 1730 779; x_wconf 87' lang='lat' dir='ltr'><strong>seriorum</strong></span> 
     </span>
     <span class='ocr_line' id='line_1_9' title="bbox 102 812 1727 870; baseline 0.002 -18"><span class='ocrx_word' id='word_1_64' title='bbox 102 818 320 867; x_wconf 69' lang='lat' dir='ltr'><strong>poetarum</strong></span> <span class='ocrx_word' id='word_1_65' title='bbox 352 812 551 868; x_wconf 90' lang='lat' dir='ltr'><strong>operibus</strong></span> <span class='ocrx_word' id='word_1_66' title='bbox 583 812 695 853; x_wconf 87' lang='lat' dir='ltr'><strong>haud</strong></span> <span class='ocrx_word' id='word_1_67' title='bbox 728 814 910 868; x_wconf 90' lang='lat' dir='ltr'><strong>exiguus</strong></span> <span class='ocrx_word' id='word_1_68' title='bbox 942 827 1158 853; x_wconf 89' lang='lat' dir='ltr'><strong>numerus.</strong></span> <span class='ocrx_word' id='word_1_69' title='bbox 1226 813 1386 854; x_wconf 91' lang='lat' dir='ltr'><strong>Eorum</strong></span> <span class='ocrx_word' id='word_1_70' title='bbox 1417 824 1727 870; x_wconf 79' lang='lat' dir='ltr'><strong>argumentum,</strong></span> 
     </span>
     <span class='ocr_line' id='line_1_10' title="bbox 102 889 1728 947; baseline 0.002 -15"><span class='ocrx_word' id='word_1_71' title='bbox 102 905 198 932; x_wconf 89' lang='lat' dir='ltr'><strong>cum</strong></span> <span class='ocrx_word' id='word_1_72' title='bbox 222 892 277 932; x_wconf 86' lang='lat' dir='ltr'><strong>sit</strong></span> <span class='ocrx_word' id='word_1_73' title='bbox 300 891 658 942; x_wconf 84' lang='lat' dir='ltr'><strong>diversissimum,</strong></span> <span class='ocrx_word' id='word_1_74' title='bbox 688 889 860 944; x_wconf 85' lang='lat' dir='ltr'><strong>longum</strong></span> <span class='ocrx_word' id='word_1_75' title='bbox 885 901 997 932; x_wconf 88' lang='lat' dir='ltr'><strong>esset</strong></span> <span class='ocrx_word' id='word_1_76' title='bbox 1025 905 1265 944; x_wconf 82' lang='lat' dir='ltr'><strong>exponere3</strong></span> <span class='ocrx_word' id='word_1_77' title='bbox 1314 907 1451 947; x_wconf 86' lang='lat' dir='ltr'><strong>neque</strong></span> <span class='ocrx_word' id='word_1_78' title='bbox 1481 894 1524 934; x_wconf 91' lang='lat' dir='ltr'><strong>id</strong></span> <span class='ocrx_word' id='word_1_79' title='bbox 1556 896 1728 935; x_wconf 86' lang='lat' dir='ltr'><strong>omnino</strong></span> 
     </span>
     <span class='ocr_line' id='line_1_11' title="bbox 102 969 1728 1028; baseline 0.002 -18"><span class='ocrx_word' id='word_1_80' title='bbox 102 971 391 1010; x_wconf 85' lang='lat' dir='ltr'><strong>necessarium</strong></span> <span class='ocrx_word' id='word_1_81' title='bbox 431 969 620 1017; x_wconf 83' lang='lat' dir='ltr'><strong>videtur,</strong></span> <span class='ocrx_word' id='word_1_82' title='bbox 664 983 758 1009; x_wconf 91' lang='lat' dir='ltr'><strong>cum</strong></span> <span class='ocrx_word' id='word_1_83' title='bbox 791 970 951 1009; x_wconf 89' lang='lat' dir='ltr'><strong>nemini</strong></span> <span class='ocrx_word' id='word_1_84' title='bbox 981 983 1066 1009; x_wconf 92' lang='lat' dir='ltr'><strong>non</strong></span> <span class='ocrx_word' id='word_1_85' title='bbox 1099 971 1365 1010; x_wconf 87' lang='lat' dir='ltr'><strong>notissimum</strong></span> <span class='ocrx_word' id='word_1_86' title='bbox 1397 973 1477 1023; x_wconf 79' lang='lat' dir='ltr'><strong>sit,</strong></span> <span class='ocrx_word' id='word_1_87' title='bbox 1521 987 1728 1028; x_wconf 83' lang='lat' dir='ltr'><strong>quaenam</strong></span> 
     </span>
     <span class='ocr_line' id='line_1_12' title="bbox 102 1028 1728 1101; baseline 0.001 -13"><span class='ocrx_word' id='word_1_88' title='bbox 102 1062 170 1089; x_wconf 87' lang='lat' dir='ltr'><strong>res</strong></span> <span class='ocrx_word' id='word_1_89' title='bbox 200 1050 244 1088; x_wconf 89' lang='lat' dir='ltr'><strong>in</strong></span> <span class='ocrx_word' id='word_1_90' title='bbox 277 1048 486 1101; x_wconf 89' lang='lat' dir='ltr'><strong>ejusmodi</strong></span> <span class='ocrx_word' id='word_1_91' title='bbox 526 1048 748 1101; x_wconf 68' lang='lat' dir='ltr'><strong>poematiis</strong></span> <span class='ocrx_word' id='word_1_92' title='bbox 765 1028 959 1088; x_wconf 47' lang='lat' dir='ltr'><strong>Ktractari</strong></span> <span class='ocrx_word' id='word_1_93' title='bbox 989 1046 1166 1088; x_wconf 81' lang='lat' dir='ltr'><strong>soleant.</strong></span> <span class='ocrx_word' id='word_1_94' title='bbox 1234 1047 1281 1088; x_wconf 94' lang='lat' dir='ltr'><strong>Id</strong></span> <span class='ocrx_word' id='word_1_95' title='bbox 1312 1063 1439 1088; x_wconf 88' lang='lat' dir='ltr'><strong>unum</strong></span> <span class='ocrx_word' id='word_1_96' title='bbox 1472 1050 1728 1101; x_wconf 86' lang='lat' dir='ltr'><strong>notabimus,</strong></span> 
     </span>
     <span class='ocr_line' id='line_1_13' title="bbox 100 1110 1729 1180; baseline 0.001 -13"><span class='ocrx_word' id='word_1_97' title='bbox 100 1125 293 1168; x_wconf 89' lang='lat' dir='ltr'><strong>Arabum</strong></span> <span class='ocrx_word' id='word_1_98' title='bbox 326 1126 629 1179; x_wconf 88' lang='lat' dir='ltr'><strong>epigrammata</strong></span> <span class='ocrx_word' id='word_1_99' title='bbox 659 1110 907 1180; x_wconf 87' lang='lat' dir='ltr'><strong>saepissime</strong></span> <span class='ocrx_word' id='word_1_100' title='bbox 934 1126 978 1165; x_wconf 90' lang='lat' dir='ltr'><strong>in</strong></span> <span class='ocrx_word' id='word_1_101' title='bbox 1009 1125 1135 1166; x_wconf 89' lang='lat' dir='ltr'><strong>rebus</strong></span> <span class='ocrx_word' id='word_1_102' title='bbox 1166 1128 1383 1167; x_wconf 87' lang='lat' dir='ltr'><strong>amatoriis</strong></span> <span class='ocrx_word' id='word_1_103' title='bbox 1411 1128 1587 1177; x_wconf 87' lang='lat' dir='ltr'><strong>versari,</strong></span> <span class='ocrx_word' id='word_1_104' title='bbox 1618 1127 1729 1168; x_wconf 86' lang='lat' dir='ltr'><strong>face-</strong></span> 
     </span>
     <span class='ocr_line' id='line_1_14' title="bbox 100 1201 1727 1257; baseline 0.001 -13"><span class='ocrx_word' id='word_1_105' title='bbox 100 1205 255 1244; x_wconf 89' lang='lat' dir='ltr'><strong>tiarum</strong></span> <span class='ocrx_word' id='word_1_106' title='bbox 286 1202 471 1256; x_wconf 85' lang='lat' dir='ltr'><strong>salisque</strong></span> <span class='ocrx_word' id='word_1_107' title='bbox 499 1201 745 1257; x_wconf 87' lang='lat' dir='ltr'><strong>plenissima</strong></span> <span class='ocrx_word' id='word_1_108' title='bbox 775 1219 893 1254; x_wconf 85' lang='lat' dir='ltr'><strong>esse,</strong></span> <span class='ocrx_word' id='word_1_109' title='bbox 935 1204 1010 1244; x_wconf 90' lang='lat' dir='ltr'><strong>sed</strong></span> <span class='ocrx_word' id='word_1_110' title='bbox 1042 1202 1152 1244; x_wconf 90' lang='lat' dir='ltr'><strong>haud</strong></span> <span class='ocrx_word' id='word_1_111' title='bbox 1185 1218 1281 1244; x_wconf 87' lang='lat' dir='ltr'><strong>raro</strong></span> <span class='ocrx_word' id='word_1_112' title='bbox 1314 1218 1460 1245; x_wconf 88' lang='lat' dir='ltr'><strong>omnes</strong></span> <span class='ocrx_word' id='word_1_113' title='bbox 1493 1204 1727 1247; x_wconf 88' lang='lat' dir='ltr'><strong>honestatis</strong></span> 
     </span>
     <span class='ocr_line' id='line_1_15' title="bbox 99 1267 1730 1336; baseline 0.002 -14"><span class='ocrx_word' id='word_1_114' title='bbox 99 1280 210 1322; x_wconf 87' lang='lat' dir='ltr'><strong>fines</strong></span> <span class='ocrx_word' id='word_1_115' title='bbox 242 1267 493 1322; x_wconf 82' lang='lat' dir='ltr'><strong>transsilire.</strong></span> <span class='ocrx_word' id='word_1_116' title='bbox 553 1277 689 1334; x_wconf 85' lang='lat' dir='ltr'><strong>Cujus</strong></span> <span class='ocrx_word' id='word_1_117' title='bbox 724 1281 894 1336; x_wconf 87' lang='lat' dir='ltr'><strong>generis</strong></span> <span class='ocrx_word' id='word_1_118' title='bbox 925 1290 1024 1321; x_wconf 90' lang='lat' dir='ltr'><strong>sunt</strong></span> <span class='ocrx_word' id='word_1_119' title='bbox 1058 1280 1390 1323; x_wconf 74' lang='lat' dir='ltr'><strong>Schemsndde&#39;m&#39;</strong></span> <span class='ocrx_word' id='word_1_120' title='bbox 1416 1282 1730 1325; x_wconf 64' lang='lat' dir='ltr'><strong>Molzammedis</strong></span> 
     </span>
     <span class='ocr_line' id='line_1_16' title="bbox 103 1357 1726 1415; baseline 0.001 -14"><span class='ocrx_word' id='word_1_121' title='bbox 103 1358 183 1401; x_wconf 81' lang='lat' dir='ltr'><strong>beu</strong></span> <span class='ocrx_word' id='word_1_122' title='bbox 211 1360 368 1401; x_wconf 79' lang='lat' dir='ltr'><strong>Hasun</strong></span> <span class='ocrx_word' id='word_1_123' title='bbox 400 1358 480 1399; x_wconf 80' lang='lat' dir='ltr'><strong>ben</strong></span> <span class='ocrx_word' id='word_1_124' title='bbox 502 1358 584 1399; x_wconf 64' lang='lat' dir='ltr'><strong>Ala·</strong></span> <span class='ocrx_word' id='word_1_125' title='bbox 601 1357 949 1399; x_wconf 69' lang='lat' dir='ltr'><strong>Annawadsclm·</strong></span> <span class='ocrx_word' id='word_1_126' title='bbox 977 1360 1302 1414; x_wconf 84' lang='lat' dir='ltr'><strong>epigrammata,</strong></span> <span class='ocrx_word' id='word_1_127' title='bbox 1334 1374 1510 1415; x_wconf 84' lang='lat' dir='ltr'><strong>quorum</strong></span> <span class='ocrx_word' id='word_1_128' title='bbox 1532 1361 1726 1403; x_wconf 74' lang='lat' dir='ltr'><strong>collectio</strong></span> 
     </span>
     <span class='ocr_line' id='line_1_17' title="bbox 99 1437 1726 1505; baseline 0.009 -28"><span class='ocrx_word' id='word_1_129' title='bbox 99 1438 255 1502; x_wconf 52' lang='lat' dir='ltr'><strong>&amp;mim</strong></span> <span class='ocrx_word' id='word_1_130' title='bbox 292 1458 358 1503; x_wconf 49' lang='lat' dir='ltr'><strong>Ua</strong></span> <span class='ocrx_word' id='word_1_131' title='bbox 391 1437 576 1503; x_wconf 53' lang='lat' dir='ltr'><strong>Uim-565</strong></span> <span class='ocrx_word' id='word_1_132' title='bbox 611 1446 729 1493; x_wconf 36' lang='grc' dir='ltr'><strong>φιλο,</strong></span> <span class='ocrx_word' id='word_1_133' title='bbox 764 1439 800 1491; x_wconf 61' lang='lat'><em>3</em></span> <span class='ocrx_word' id='word_1_134' title='bbox 836 1438 983 1504; x_wconf 52' lang='lat' dir='ltr'><strong>Obijiii</strong></span> <span class='ocrx_word' id='word_1_135' title='bbox 1019 1444 1152 1505; x_wconf 50' lang='lat' dir='ltr'><strong>&amp;iij-³,</strong></span> <span class='ocrx_word' id='word_1_136' title='bbox 1184 1450 1211 1488; x_wconf 87' lang='lat' dir='ltr'><strong>i.</strong></span> <span class='ocrx_word' id='word_1_137' title='bbox 1233 1463 1270 1488; x_wconf 87' lang='lat' dir='ltr'><strong>e.</strong></span> <span class='ocrx_word' id='word_1_138' title='bbox 1299 1449 1528 1491; x_wconf 77' lang='lat' dir='ltr'><strong>dorcadum</strong></span> <span class='ocrx_word' id='word_1_139' title='bbox 1542 1465 1726 1505; x_wconf 81' lang='lat' dir='ltr'><strong>pascua,</strong></span> 
     </span>
     <span class='ocr_line' id='line_1_18' title="bbox 96 1524 1728 1579; baseline 0.002 -12"><span class='ocrx_word' id='word_1_140' title='bbox 96 1529 188 1568; x_wconf 73' lang='lat' dir='ltr'><strong>sive</strong></span> <span class='ocrx_word' id='word_1_141' title='bbox 218 1525 533 1567; x_wconf 75' lang='lat' dir='ltr'><strong>adolescentum</strong></span> <span class='ocrx_word' id='word_1_142' title='bbox 548 1525 842 1578; x_wconf 77' lang='lat' dir='ltr'><strong>formosorum</strong></span> <span class='ocrx_word' id='word_1_143' title='bbox 870 1524 1129 1579; x_wconf 69' lang='lat' dir='ltr'><strong>descrv&#39;plc&#39;o,</strong></span> <span class='ocrx_word' id='word_1_144' title='bbox 1161 1525 1418 1568; x_wconf 88' lang='lat' dir='ltr'><strong>inscribitur.</strong></span> <span class='ocrx_word' id='word_1_145' title='bbox 1478 1527 1525 1568; x_wconf 92' lang='lat' dir='ltr'><strong>In</strong></span> <span class='ocrx_word' id='word_1_146' title='bbox 1557 1531 1608 1568; x_wconf 67' lang='lat' dir='ltr'><strong>ea</strong></span> <span class='ocrx_word' id='word_1_147' title='bbox 1638 1528 1728 1570; x_wconf 93' lang='lat' dir='ltr'><strong>col-</strong></span> 
     </span>
     <span class='ocr_line' id='line_1_19' title="bbox 97 1601 1725 1660; baseline 0.002 -17"><span class='ocrx_word' id='word_1_148' title='bbox 97 1602 281 1644; x_wconf 88' lang='lat' dir='ltr'><strong>lectione</strong></span> <span class='ocrx_word' id='word_1_149' title='bbox 312 1605 364 1644; x_wconf 89' lang='lat' dir='ltr'><strong>ad</strong></span> <span class='ocrx_word' id='word_1_150' title='bbox 395 1608 475 1645; x_wconf 89' lang='lat' dir='ltr'><strong>tria</strong></span> <span class='ocrx_word' id='word_1_151' title='bbox 507 1601 641 1644; x_wconf 89' lang='lat' dir='ltr'><strong>millia</strong></span> <span class='ocrx_word' id='word_1_152' title='bbox 672 1605 1019 1658; x_wconf 81' lang='lat' dir='ltr'><strong>epigrammatum</strong></span> <span class='ocrx_word' id='word_1_153' title='bbox 1062 1603 1293 1652; x_wconf 90' lang='lat' dir='ltr'><strong>habentur,</strong></span> <span class='ocrx_word' id='word_1_154' title='bbox 1348 1618 1452 1658; x_wconf 87' lang='lat' dir='ltr'><strong>quae</strong></span> <span class='ocrx_word' id='word_1_155' title='bbox 1484 1607 1535 1646; x_wconf 89' lang='lat' dir='ltr'><strong>ad</strong></span> <span class='ocrx_word' id='word_1_156' title='bbox 1568 1607 1725 1660; x_wconf 89' lang='lat' dir='ltr'><strong>paede-</strong></span> 
     </span>
     <span class='ocr_line' id='line_1_20' title="bbox 97 1680 1724 1738; baseline 0.003 -17"><span class='ocrx_word' id='word_1_157' title='bbox 97 1683 251 1722; x_wconf 87' lang='lat' dir='ltr'><strong>rastias</strong></span> <span class='ocrx_word' id='word_1_158' title='bbox 283 1684 491 1736; x_wconf 88' lang='lat' dir='ltr'><strong>pertinent</strong></span> <span class='ocrx_word' id='word_1_159' title='bbox 520 1681 754 1735; x_wconf 87' lang='lat' dir='ltr'><strong>flagitium,</strong></span> <span class='ocrx_word' id='word_1_160' title='bbox 806 1690 847 1720; x_wconf 92' lang='lat' dir='ltr'><strong>et</strong></span> <span class='ocrx_word' id='word_1_161' title='bbox 877 1680 990 1722; x_wconf 85' lang='lat' dir='ltr'><strong>haud</strong></span> <span class='ocrx_word' id='word_1_162' title='bbox 1032 1695 1176 1735; x_wconf 87' lang='lat' dir='ltr'><strong>parum</strong></span> <span class='ocrx_word' id='word_1_163' title='bbox 1208 1680 1336 1732; x_wconf 88' lang='lat' dir='ltr'><strong>salis,</strong></span> <span class='ocrx_word' id='word_1_164' title='bbox 1388 1683 1462 1724; x_wconf 90' lang='lat' dir='ltr'><strong>sed</strong></span> <span class='ocrx_word' id='word_1_165' title='bbox 1499 1682 1724 1738; x_wconf 90' lang='lat' dir='ltr'><strong>plurimum</strong></span> 
     </span>
    </p>
   </div>
   <div class='ocr_carea' id='block_1_5' title="bbox 97 1758 856 1813">
    <p class='ocr_par' dir='ltr' id='par_1_5' title="bbox 97 1758 856 1813">
     <span class='ocr_line' id='line_1_21' title="bbox 97 1758 856 1813; baseline 0 -13"><span class='ocrx_word' id='word_1_166' title='bbox 97 1761 228 1800; x_wconf 85' lang='lat' dir='ltr'><strong>etiam</strong></span> <span class='ocrx_word' id='word_1_167' title='bbox 258 1759 558 1802; x_wconf 87' lang='lat' dir='ltr'><strong>obscoenitatis</strong></span> <span class='ocrx_word' id='word_1_168' title='bbox 588 1758 747 1800; x_wconf 85' lang='lat' dir='ltr'><strong>habent</strong></span> <span class='ocrx_word' id='word_1_169' title='bbox 774 1759 856 1813; x_wconf 75' lang='lat'><strong>⁷⁶).</strong></span> 
     </span>
    </p>
   </div>
   <div class='ocr_carea' id='block_1_6' title="bbox 805 1890 1003 1943">
    <p class='ocr_par' dir='ltr' id='par_1_6' title="bbox 805 1890 1003 1943">
     <span class='ocr_line' id='line_1_22' title="bbox 805 1890 1003 1943; baseline 0 -12"><span class='ocrx_word' id='word_1_170' title='bbox 805 1895 844 1943; x_wconf 70' lang='grc' dir='ltr'><strong>ς.</strong></span> <span class='ocrx_word' id='word_1_171' title='bbox 890 1890 1003 1933; x_wconf 83' lang='lat' dir='ltr'>L111.</span> 
     </span>
    </p>
   </div>
   <div class='ocr_carea' id='block_1_7' title="bbox 96 1991 1721 2440">
    <p class='ocr_par' dir='ltr' id='par_1_7' title="bbox 96 1991 1721 2440">
     <span class='ocr_line' id='line_1_23' title="bbox 215 1991 1721 2046; baseline 0.005 -13"><span class='ocrx_word' id='word_1_172' title='bbox 215 1991 398 2035; x_wconf 89' lang='lat' dir='ltr'><strong>Ultimus</strong></span> <span class='ocrx_word' id='word_1_173' title='bbox 428 1993 546 2035; x_wconf 91' lang='lat' dir='ltr'><strong>locus</strong></span> <span class='ocrx_word' id='word_1_174' title='bbox 576 1997 620 2036; x_wconf 93' lang='lat' dir='ltr'><strong>in</strong></span> <span class='ocrx_word' id='word_1_175' title='bbox 652 1995 755 2036; x_wconf 72' lang='lat' dir='ltr'><strong>Alii</strong></span> <span class='ocrx_word' id='word_1_176' title='bbox 783 1993 863 2035; x_wconf 79' lang='lat' dir='ltr'><strong>ben</strong></span> <span class='ocrx_word' id='word_1_177' title='bbox 894 1993 1214 2046; x_wconf 68' lang='lat' dir='ltr'><strong>Abilf&#39;aradsclc</strong></span> <span class='ocrx_word' id='word_1_178' title='bbox 1255 1997 1487 2039; x_wconf 88' lang='lat' dir='ltr'><strong>carminum</strong></span> <span class='ocrx_word' id='word_1_179' title='bbox 1516 1996 1721 2041; x_wconf 86' lang='lat' dir='ltr'><strong>Arabico-</strong></span> 
     </span>
     <span class='ocr_line' id='line_1_24' title="bbox 96 2073 1718 2127; baseline 0.004 -15"><span class='ocrx_word' id='word_1_180' title='bbox 96 2087 190 2112; x_wconf 91' lang='lat' dir='ltr'><strong>rum</strong></span> <span class='ocrx_word' id='word_1_181' title='bbox 221 2080 446 2126; x_wconf 87' lang='lat' dir='ltr'><strong>conspectu</strong></span> <span class='ocrx_word' id='word_1_182' title='bbox 478 2074 726 2127; x_wconf 66' lang='lat' dir='ltr'><strong>religiosis,</strong></span> <span class='ocrx_word' id='word_1_183' title='bbox 760 2075 850 2113; x_wconf 73' lang='lat' dir='ltr'><strong>sive</strong></span> <span class='ocrx_word' id='word_1_184' title='bbox 874 2077 1179 2127; x_wconf 71' lang='lat' dir='ltr'><strong>paraeneticis</strong></span> <span class='ocrx_word' id='word_1_185' title='bbox 1210 2073 1412 2114; x_wconf 87' lang='lat' dir='ltr'><strong>tribuitur</strong></span> <span class='ocrx_word' id='word_1_186' title='bbox 1442 2076 1718 2120; x_wconf 82' lang='lat' dir='ltr'><strong>carminibus.</strong></span> 
     </span>
     <span class='ocr_line' id='line_1_25' title="bbox 96 2149 1718 2206; baseline 0.003 -16"><span class='ocrx_word' id='word_1_187' title='bbox 96 2149 217 2190; x_wconf 89' lang='lat' dir='ltr'><strong>Haec</strong></span> <span class='ocrx_word' id='word_1_188' title='bbox 239 2151 279 2189; x_wconf 92' lang='lat' dir='ltr'><strong>in</strong></span> <span class='ocrx_word' id='word_1_189' title='bbox 304 2151 487 2190; x_wconf 87' lang='lat' dir='ltr'><strong>numinis</strong></span> <span class='ocrx_word' id='word_1_190' title='bbox 510 2150 642 2190; x_wconf 91' lang='lat' dir='ltr'><strong>divini</strong></span> <span class='ocrx_word' id='word_1_191' title='bbox 668 2149 864 2191; x_wconf 88' lang='lat' dir='ltr'><strong>laudibus</strong></span> <span class='ocrx_word' id='word_1_192' title='bbox 887 2150 1177 2201; x_wconf 85' lang='lat' dir='ltr'><strong>celebrandis,</strong></span> <span class='ocrx_word' id='word_1_193' title='bbox 1209 2152 1490 2206; x_wconf 74' lang='lat' dir='ltr'><strong>praedicanda</strong></span> <span class='ocrx_word' id='word_1_194' title='bbox 1512 2155 1553 2193; x_wconf 90' lang='lat' dir='ltr'><strong>in</strong></span> <span class='ocrx_word' id='word_1_195' title='bbox 1578 2153 1718 2195; x_wconf 86' lang='lat' dir='ltr'><strong>Deum</strong></span> 
     </span>
     <span class='ocr_line' id='line_1_26' title="bbox 97 2229 1720 2282; baseline 0.003 -15"><span class='ocrx_word' id='word_1_196' title='bbox 97 2229 279 2282; x_wconf 88' lang='lat' dir='ltr'><strong>pietate,</strong></span> <span class='ocrx_word' id='word_1_197' title='bbox 312 2241 389 2267; x_wconf 88' lang='lat' dir='ltr'><strong>nec</strong></span> <span class='ocrx_word' id='word_1_198' title='bbox 415 2242 498 2268; x_wconf 92' lang='lat' dir='ltr'><strong>non</strong></span> <span class='ocrx_word' id='word_1_199' title='bbox 529 2229 862 2269; x_wconf 90' lang='lat' dir='ltr'><strong>commendando</strong></span> <span class='ocrx_word' id='word_1_200' title='bbox 888 2243 1027 2270; x_wconf 89' lang='lat' dir='ltr'><strong>rerum</strong></span> <span class='ocrx_word' id='word_1_201' title='bbox 1053 2231 1360 2270; x_wconf 89' lang='lat' dir='ltr'><strong>mundanarum</strong></span> <span class='ocrx_word' id='word_1_202' title='bbox 1389 2239 1599 2272; x_wconf 89' lang='lat' dir='ltr'><strong>contemtu</strong></span> <span class='ocrx_word' id='word_1_203' title='bbox 1627 2247 1720 2273; x_wconf 87' lang='lat' dir='ltr'><strong>ver-</strong></span> 
     </span>
     <span class='ocr_line' id='line_1_27' title="bbox 96 2294 1717 2364; baseline 0.004 -19"><span class='ocrx_word' id='word_1_204' title='bbox 96 2315 255 2347; x_wconf 84' lang='lat' dir='ltr'><strong>santur.</strong></span> <span class='ocrx_word' id='word_1_205' title='bbox 282 2294 286 2297; x_wconf 24' lang='lat'>*</span> <span class='ocrx_word' id='word_1_206' title='bbox 316 2305 483 2347; x_wconf 79' lang='lat' dir='ltr'><strong>Numen</strong></span> <span class='ocrx_word' id='word_1_207' title='bbox 515 2306 703 2347; x_wconf 85' lang='lat' dir='ltr'><strong>divinum</strong></span> <span class='ocrx_word' id='word_1_208' title='bbox 734 2316 831 2348; x_wconf 88' lang='lat' dir='ltr'><strong>ante</strong></span> <span class='ocrx_word' id='word_1_209' title='bbox 862 2309 1003 2348; x_wconf 88' lang='lat' dir='ltr'><strong>omnia</strong></span> <span class='ocrx_word' id='word_1_210' title='bbox 1033 2307 1256 2348; x_wconf 77' lang='lat' dir='ltr'><strong>colendum</strong></span> <span class='ocrx_word' id='word_1_211' title='bbox 1290 2317 1414 2363; x_wconf 87' lang='lat' dir='ltr'><strong>atque</strong></span> <span class='ocrx_word' id='word_1_212' title='bbox 1435 2308 1717 2364; x_wconf 83' lang='lat' dir='ltr'><strong>diligendum3</strong></span> 
     </span>
     <span class='ocr_line' id='line_1_28' title="bbox 96 2383 1714 2440; baseline 0.002 -16"><span class='ocrx_word' id='word_1_213' title='bbox 96 2398 276 2439; x_wconf 88' lang='lat' dir='ltr'><strong>namque</strong></span> <span class='ocrx_word' id='word_1_214' title='bbox 306 2383 421 2425; x_wconf 87' lang='lat' dir='ltr'><strong>illius</strong></span> <span class='ocrx_word' id='word_1_215' title='bbox 450 2385 657 2426; x_wconf 61' lang='lat' dir='ltr'><strong>immensa</strong></span> <span class='ocrx_word' id='word_1_216' title='bbox 687 2386 873 2440; x_wconf 68' lang='lat' dir='ltr'><strong>potentia</strong></span> <span class='ocrx_word' id='word_1_217' title='bbox 914 2387 1113 2427; x_wconf 87' lang='lat' dir='ltr'><strong>universa</strong></span> <span class='ocrx_word' id='word_1_218' title='bbox 1148 2401 1287 2427; x_wconf 86' lang='lat' dir='ltr'><strong>rerum</strong></span> <span class='ocrx_word' id='word_1_219' title='bbox 1321 2397 1471 2428; x_wconf 89' lang='lat' dir='ltr'><strong>natura</strong></span> <span class='ocrx_word' id='word_1_220' title='bbox 1502 2403 1555 2429; x_wconf 89' lang='lat' dir='ltr'><strong>ex</strong></span> <span class='ocrx_word' id='word_1_221' title='bbox 1582 2388 1714 2428; x_wconf 88' lang='lat' dir='ltr'><strong>nihilo</strong></span> 
     </span>
    </p>
   </div>
   <div class='ocr_carea' id='block_1_8' title="bbox 96 2461 1715 2521">
    <p class='ocr_par' dir='ltr' id='par_1_8' title="bbox 96 2461 1715 2521">
     <span class='ocr_line' id='line_1_29' title="bbox 96 2461 1715 2521; baseline 0.002 -19"><span class='ocrx_word' id='word_1_222' title='bbox 96 2472 327 2516; x_wconf 89' lang='lat' dir='ltr'><strong>procreata,</strong></span> <span class='ocrx_word' id='word_1_223' title='bbox 358 2461 555 2517; x_wconf 90' lang='lat' dir='ltr'><strong>illiusque</strong></span> <span class='ocrx_word' id='word_1_224' title='bbox 583 2462 751 2505; x_wconf 73' lang='lat' dir='ltr'><strong>infinita</strong></span> <span class='ocrx_word' id='word_1_225' title='bbox 782 2464 1043 2520; x_wconf 83' lang='lat' dir='ltr'><strong>benignitate</strong></span> <span class='ocrx_word' id='word_1_226' title='bbox 1067 2480 1339 2521; x_wconf 85' lang='lat' dir='ltr'><strong>quaecunque</strong></span> <span class='ocrx_word' id='word_1_227' title='bbox 1364 2468 1404 2506; x_wconf 86' lang='lat' dir='ltr'><strong>in</strong></span> <span class='ocrx_word' id='word_1_228' title='bbox 1428 2467 1519 2506; x_wconf 88' lang='lat' dir='ltr'><strong>dias</strong></span> <span class='ocrx_word' id='word_1_229' title='bbox 1544 2464 1715 2506; x_wconf 88' lang='lat' dir='ltr'><strong>luminis</strong></span> 
     </span>
    </p>
   </div>
   <div class='ocr_carea' id='block_1_9' title="bbox 152 2661 1184 2719">
    <p class='ocr_par' dir='ltr' id='par_1_9' title="bbox 152 2661 1184 2719">
     <span class='ocr_line' id='line_1_30' title="bbox 152 2661 1184 2719; baseline 0.007 -19"><span class='ocrx_word' id='word_1_230' title='bbox 152 2661 226 2712; x_wconf 81' lang='lat'><strong>76)</strong></span> <span class='ocrx_word' id='word_1_231' title='bbox 257 2664 403 2702; x_wconf 86' lang='lat' dir='ltr'><strong>Gasirii</strong></span> <span class='ocrx_word' id='word_1_232' title='bbox 431 2664 771 2705; x_wconf 56' lang='lat' dir='ltr'><strong>limnoth-Atat».</strong></span> <span class='ocrx_word' id='word_1_233' title='bbox 802 2673 830 2706; x_wconf 83' lang='lat' dir='ltr'><strong>t.</strong></span> <span class='ocrx_word' id='word_1_234' title='bbox 854 2669 892 2714; x_wconf 91' lang='grc' dir='ltr'><strong>Ι,</strong></span> <span class='ocrx_word' id='word_1_235' title='bbox 924 2683 960 2719; x_wconf 92' lang='lat' dir='ltr'><strong>p.</strong></span> <span class='ocrx_word' id='word_1_236' title='bbox 981 2667 1057 2715; x_wconf 81' lang='lat'><strong>88,</strong></span> <span class='ocrx_word' id='word_1_237' title='bbox 1091 2669 1184 2707; x_wconf 84' lang='lat'>124.</span> 
     </span>
    </p>
   </div>
  </div>
 </body>
</html>
