1979 3073
722 191 728 194 1
760 209 1007 255 Comparatio.
1621 207 1701 244 209

78 316 132 358 ab
161 317 446 357 animantibus
484 315 602 356 hisce
642 325 861 370 repetunt,
901 317 1053 369 quippe
1085 326 1189 368 quae
1226 313 1267 352 in
1299 312 1484 354 Arabiae
1522 316 1700 356 desertis

79 394 323 449 frequenter
346 403 582 435 occurrunt.
617 392 781 442 Quibus
803 397 952 433 mirum
976 394 1017 432 in
1040 392 1209 431 modum
1233 390 1526 433 Hebraeorum
1552 400 1702 448 poetae

78 471 340 512 delectantur
373 472 608 522 montibus,
642 470 825 520 Libano,
863 469 1072 519 carmelo,
1105 468 1317 523 fluvioque
1341 469 1560 520 Jorclmce,
1591 471 1694 512 Ara-

78 549 175 589 bum
208 552 342 604 poetis
375 553 443 590 vix
477 559 783 595 memorantur3
825 557 968 588 contra
1008 549 1076 600 qui
1116 546 1167 585 ab
1198 546 1386 586 Arabum
1421 551 1556 601 poetis
1588 548 1698 589 cele*-

78 625 254 666 brantur
294 627 491 678 Arqsat,
536 624 676 678 Susa,
722 626 893 666 Blerwa
936 634 1098 664 montes
1138 625 1268 672 sacri,
1310 624 1440 664 M‘e'na
1481 625 1700 676 convallis,

89 705 326 745 lVedsclzra
369 706 605 753 desertum,
650 703 807 744 Gadka
848 713 970 757 atque
1003 702 1135 741 Alsla
1174 700 1372 750 arbores,
1415 717 1618 756 nusquam
1658 706 1698 742 iu

78 781 335 822 carminibus
377 781 600 821 Hebraicis
643 781 810 820 obviam
852 789 961 819 sunt.
1043 779 1167 819 Haud
1218 782 1568 832 praetereundum
1621 781 1701 820 hoc

80 858 201 908 loco,
233 861 342 900 inter
375 862 561 913 poeticos
594 858 765 898 Veteris
798 857 1061 897 Testamenti
1096 856 1228 896 libros
1262 859 1330 897 vix
1365 856 1520 907 ullum,
1553 860 1702 912 imagi-

83 950 180 976 num
225 936 407 976 indolem
451 946 574 990 atque
616 938 821 990 originem
862 938 898 975 si
937 920 1123 989 spectes,
1175 936 1225 975 ad
1266 933 1490 974 Arabicam
1533 937 1703 988 propius

81 1014 281 1054 accedere
314 1016 458 1068 poesin
492 1013 597 1054 ,lobi
625 1014 759 1061 le·br0;
796 1015 1001 1066 siquidem
1034 1026 1139 1065 quae
1168 1014 1209 1051 in
1242 1010 1315 1051 illo
1342 1022 1565 1050 occurrunt
1598 1014 1724 1051 ima--

80 1094 203 1144 gines
233 1101 357 1145 atque
389 1093 691 1145 descriptiones
724 1092 857 1143 magis
887 1091 937 1129 ad
973 1090 1177 1129 Arabiam
1204 1089 1548 1142 Aegyptumque,
1580 1104 1702 1143 quam

82 1169 132 1207 ad
178 1167 454 1208 Palaestinam
498 1171 708 1222 pertinere
752 1169 961 1206 videmur.
1043 1164 1168 1204 Certe
1211 1164 1551 1218 elegantissimae
1591 1171 1703 1220 eqni,

82 1244 448 1294 struthiocamelc,
488 1246 786 1299 hippopolmm'
825 1244 1114 1296 crocorlc'le‘que
1154 1243 1456 1294 descriptiones
1498 1257 1579 1282 non
1624 1244 1704 1283 Pa-

82 1320 328 1370 laestinam,
362 1325 433 1363 sed
464 1323 661 1363 Arabiam
699 1321 761 1361 vel
785 1324 1019 1374 Aegyptum
1052 1318 1257 1359 redolent.
1309 1317 1451 1366 Quare
1486 1319 1596 1359 haud
1629 1322 1705 1360 im—

82 1401 232 1438 merito
264 1409 446 1449 statuas,
496 1399 607 1439 illius
647 1399 742 1439 libri
778 1408 1015 1445 auctorem,
1059 1397 1248 1450 quamuis
1281 1396 1450 1436 natione
1481 1396 1704 1438 Hebraeus

84 1478 320 1517 censendus
361 1479 440 1526 sit,
479 1477 545 1517 vel
583 1480 625 1517 in
657 1477 818 1517 Arabia
860 1475 1104 1530 Aegyptoxe
1147 1475 1340 1527 degisse,
1384 1472 1449 1513 vel
1489 1476 1705 1529 utriusque

83 1562 220 1594 tersae
253 1568 320 1594 res
352 1554 564 1596 naturales
595 1557 782 1609 apprillle
809 1556 1000 1609 cognitas
1031 1551 1246 1593 habuisse·

789 1691 826 1738 §-
880 1685 997 1726 (ΠΧ.

200 1785 323 1835 Quod
355 1787 406 1827 de
437 1787 718 1843 imaginibuS,
760 1801 862 1841 quas
903 1801 927 1825 a
965 1795 1102 1825 terrae
1133 1797 1234 1823 suae
1273 1782 1399 1823 rebus
1443 1782 1705 1826 naturalibus

84 1864 377 1906 Hebraeorum
418 1864 690 1918 Arabumque
734 1870 880 1918 poetae
922 1863 1138 1909 derivant,
1189 1862 1454 1909 monuimus,
1510 1860 1707 1901 videlicet

87 1957 161 1996 pro
193 1956 331 1982 rerum
356 1941 530 1982 illarum
560 1941 813 1995 aequalitate
845 1940 910 1980 vel
943 1940 1187 1980 diversitate
1230 1947 1271 1976 et
1301 1939 1508 1990 imagines
1546 1938 1599 1978 ab
1630 1940 1706 1977 iis-

87 2021 181 2060 dem
214 2021 364 2074 petitas
395 2018 459 2058 vel
492 2018 714 2072 aequales,
757 2017 820 2057 vel
853 2019 1041 2057 diversas
1072 2029 1190 2063 esse,
1222 2014 1416 2054 similiter
1447 2023 1489 2053 et
1520 2015 1571 2053 de
1600 2016 1708 2053 ima-

86 2097 257 2152 ginibus
288 2110 341 2135 ex
375 2095 666 2135 Hebraeorum
689 2094 959 2149 Arabumque
993 2096 1103 2133 vitae
1134 2093 1295 2131 ratione
1327 2090 1488 2130 haustis
1518 2100 1709 2130 statuen-

87 2175 201 2214 dum.
263 2172 399 2213 Multa
429 2173 589 2225 utrique
623 2171 780 2226 populo
811 2174 854 2211 in
884 2173 991 2211 vitae
1024 2171 1256 2209 communis
1287 2183 1361 2208 usu
1397 2168 1567 2216 eadem,
1601 2181 1708 2206 non-

90 2250 206 2291 nulla
239 2265 336 2290 vero
367 2251 533 2289 diversa
562 2251 703 2296 fuere3
745 2263 872 2302 quare
906 2258 947 2288 et
984 2249 1191 2302 imagines
1223 2246 1275 2285 ab
1318 2247 1535 2298 utriusque
1566 2243 1708 2298 populi

92 2329 202 2367 vitae
233 2329 396 2367 ratione
428 2329 579 2381 petitae
605 2329 850 2381 saepissime
882 2327 1078 2374 eaedem,
1109 2337 1407 2376 nonnunquam
1440 2335 1539 2361 vero
1571 2323 1708 2361 diver-

92 2418 165 2445 sae
189 2414 325 2444 erunt.
377 2403 564 2458 Uterque
589 2404 769 2459 populus
796 2416 1000 2458 agrorum
1025 2403 1221 2442 culturae
1239 2404 1472 2454 pectorique
1491 2397 1707 2452 pascendo

93 2480 257 2520 deditus
289 2479 387 2528 fuit;
431 2496 559 2535 quare
599 2492 640 2522 et
672 2483 886 2534 utriusque
927 2478 1068 2533 populi
1110 2484 1256 2532 poetae
1293 2479 1501 2531 imagines
1540 2488 1637 2514 suas
1668 2481 1710 2512 et

95 2557 148 2597 ab
189 2571 391 2612 agrorum
431 2560 626 2607 cultura,
664 2569 706 2599 et
745 2573 770 2598 a
809 2572 858 2598 re
885 2558 1098 2611 pecuaria
1139 2564 1345 2610 repetunt.
1419 2551 1582 2592 Verum
1614 2564 1707 2590 cum

94 2634 353 2688 agricultura
390 2637 501 2690 apud
543 2635 764 2676 Hebraeos
803 2633 932 2675 multo
975 2634 1174 2686 majoris,
1217 2645 1338 2686 quam
1377 2628 1486 2682 apud
1526 2625 1708 2676 Arabes,

94 2711 408 2763 aestimaretur,
441 2713 607 2762 evenit,
637 2721 682 2764 ut
710 2718 858 2766 poetae
879 2710 1081 2752 Hebraici
1111 2709 1243 2751 multo
1274 2705 1551 2761 frequentius,
1581 2716 1704 2756 quam

124 2786 132 2789 ”
1341 2788 1392 2823 14
