1958 2947
493 142 547 180 De
578 144 720 191 oriqine
751 151 783 182 ec
815 145 935 181 causis
959 146 1106 192 poeseos
1137 143 1357 182 Hebraicae.
1675 144 1725 183 15

110 250 342 292 verisimile
371 259 510 292 tamen
541 259 626 302 est,
655 265 752 293 eum
775 251 876 293 Jobz·
902 252 1216 307 amicorumque
1245 254 1341 306 ejus
1373 252 1426 293 de
1454 250 1570 294 illius
1599 262 1733 295 tenta-

109 330 224 370 tione
255 343 471 371 sermones
501 327 636 370 literis
672 330 941 383 consignatos
971 331 1201 371 invenisse.
1275 329 1363 370 Eos
1395 337 1535 370 autem
1565 333 1732 387 scriptis

107 407 353 457 mandatos,
401 415 443 447 et
479 408 613 447 instar
654 408 919 447 monumenti
954 408 1183 461 patientiae
1222 407 1316 460 ejus
1355 405 1546 447 conditos
1580 407 1729 460 fuisse,

106 485 208 525 inde
241 485 469 538 conjicias,
510 484 620 539 quod
649 485 827 525 dixerit:
871 482 978 533 Quis
1005 483 1182 533 efficiet,
1220 493 1266 525 ut
1295 483 1424 524 verba
1462 497 1557 523 mea
1594 483 1730 528 literis

106 564 406 617 consignentur
433 563 513 613 2⁰).
546 561 713 611 „Fuere
736 564 864 603 etiam
885 564 994 603 inter
1021 561 1230 602 ecclesiae
1252 560 1440 602 Graecae
1465 570 1627 615 patres,
1659 566 1730 619 qui

104 639 206 681 ,Τοῦτ’
231 638 387 681 librum
418 653 444 681 a
471 639 599 681 fflose
629 642 911 696 conscriptum
942 640 1074 681 fuisse
1105 641 1414 681 existimarent.
1483 638 1675 688 Quorum
1704 657 1728 683 e

103 731 294 759 numero*
312 732 439 760 unum
465 718 798 773 Polychronium
828 720 1072 760 nominasse
1102 717 1305 766 sufficiat;
1336 718 1406 772 qui
1436 719 1479 758 in
1509 723 1728 772 prooemio

105 793 295 837 Catenae
335 799 378 837 in
406 796 555 838 Jobum
595 799 638 838 in
682 798 794 839 hunc
837 798 1007 838 modum
1039 796 1235 838 disserit:
1275 794 1383 844 εἰκὸς
1412 789 1506 846 οὗν,
1558 796 1620 838 ὅτι
1659 799 1728 840 καὶ

103 874 272 926 Μωσῆς
301 873 587 931 συνεγράψατο
627 875 673 917 τὸ
702 875 864 929 βιβλίον
893 875 950 922 εἷς
978 874 1212 927 παραίνεσιν
1241 877 1315 915 τοῦ
1340 873 1520 929 Ἰσραήλ,
1572 872 1626 923 ὥς
1659 877 1727 917 καὶ

105 949 185 992 ἀπὸ
211 955 283 992 τοῦ
308 953 566 1009 χαρακτῆρός
592 954 701 996 ἐστιν
731 952 958 1005 ἐπιβαλεῖν,
993 954 1021 993 i.
1047 967 1084 993 e.
1120 950 1352 993 verisimile
1373 953 1526 1007 igitur,
1557 953 1725 996 Mosem

103 1026 258 1069 librum
299 1031 439 1084 (Jobzy
482 1034 785 1086 conscripsisse
825 1031 878 1072 ad
921 1030 1262 1071 exhortationem
1302 1028 1446 1083 populi
1485 1029 1725 1084 Israelitici‚

102 1107 228 1147 sicuti
261 1109 386 1149 etiam
419 1123 474 1150 ex
505 1110 598 1163 ejus
629 1108 873 1150 charactere
902 1107 1083 1162 intelligi
1109 1115 1258 1162 potest.
1273 1112 1301 1132 ‘⁶
1345 1108 1381 1148 E
1402 1109 1724 1161 recentioribus,

102 1192 267 1237 praeter
309 1186 520 1227 Huetz'um
551 1187 645 1241 2¹),
693 1189 878 1227 maxime
911 1187 949 1227 J.
983 1185 1044 1227 D.
1074 1185 1312 1226 Michaelis
1343 1187 1411 1237 22)
1442 1185 1543 1227 ,Τοῦί
1566 1184 1723 1228 librum

101 1259 224 1302 Mosa·
251 1263 466 1305 vindicare
496 1273 671 1305 conatus
697 1274 782 1312 est3
822 1279 945 1320 quam
966 1264 1222 1305 sententiam
1242 1264 1368 1304 etiam
1388 1263 1501 1305 Jahn
1527 1267 1722 1320 proxime

100 1339 153 1380 ad
185 1342 405 1383 veritatem
437 1343 639 1383 accedere
670 1344 885 1384 contendit
914 1342 996 1395 23).

837 1457 874 1506 ς.
918 1454 975 1495 ν.

212 1539 338 1590 Quod
375 1544 412 1584 si
455 1557 509 1584 ex
551 1552 769 1585 auctorum
813 1543 1079 1586 laudatorum
1129 1545 1340 1584 sententia
1379 1543 1481 1585 Jobz‘
1517 1543 1626 1587 liber
1667 1547 1720 1588 ad

99 1617 265 1660 Mosem
303 1629 518 1662 auctorem
558 1622 805 1664 referendus
845 1631 986 1672 esset,
1031 1626 1210 1678 poeseos
1239 1621 1479 1663 Hebraicae
1510 1625 1720 1678 originem

98 1693 224 1736 altius
255 1696 392 1738 adhuc
421 1700 692 1753 repetendam
723 1714 816 1740 esse
846 1713 970 1740 nemo
1000 1714 1084 1740 non
1115 1700 1241 1740 videt.
1300 1700 1468 1740 Etenim
1499 1715 1593 1741 cum
1621 1701 1722 1744 Jobz·

97 1771 206 1813 liber
236 1773 597 1818 absolutissimum
628 1782 806 1831 poeseos
830 1777 1069 1818 Hebraicae
1100 1778 1155 1817 sit
1180 1778 1416 1831 specimen,
1447 1777 1560 1818 haud
1585 1794 1719 1833 pauca

97 1853 328 1892 tentamina
358 1854 522 1907 poetica
559 1855 865 1909 praecesserint
904 1869 1077 1896 necesse
1110 1863 1194 1905 est,
1227 1855 1360 1896 donec
1389 1857 1442 1897 ad
1470 1855 1592 1897 illum
1622 1871 1718 1911 per-

95 1927 291 1970 fectionis
329 1932 533 1985 gradum,
591 1933 661 1987 qui
700 1934 743 1972 in
784 1932 886 1974 ,Τοῦῑ
927 1931 1037 1973 libro
1078 1934 1361 1987 conspicitur,
1418 1933 1716 1976 Hebraeorum

93 2008 235 2060 poe'sis
266 2011 520 2062 perveniret.
589 2009 752 2052 Verum
783 2012 895 2052 enim
934 2025 1034 2051 vero
1066 2012 1416 2066 quemadmodum
1448 2015 1712 2068 negavimus,

93 2082 195 2126 ,Τοῦτ’
230 2083 387 2127 librum
422 2086 550 2129 stlose
588 2103 682 2130 esse
723 2090 1028 2144 antiquiorem,
1079 2091 1137 2130 ita
1175 2091 1303 2130 etiam
1341 2091 1580 2146 negandum
1619 2105 1713 2132 esse

151 2262 226 2314 20)
259 2265 467 2316 Ephraemi
498 2266 590 2317 Syri
620 2280 741 2318 opera
772 2267 962 2318 Syriaca,
994 2274 1023 2308 t.
1041 2270 1101 2317 11,
1133 2284 1171 2320 p.
1199 2270 1236 2308 l.

149 2330 221 2383 21)
254 2332 477 2372 Demonstr.
507 2334 703 2388 Evangel.
732 2335 900 2387 PropOS.
930 2336 1003 2383 IV,
1045 2337 1093 2375 de
1123 2337 1250 2384 Jobo,
1283 2335 1319 2390 ᾗ.
1345 2338 1406 2385 11,
1437 2352 1475 2390 p.
1502 2338 1581 2376 221
1615 2338 1708 2376 edit.

203 2398 273 2436 111.
313 2399 444 2439 Paris.

147 2464 217 2515 22)
257 2466 299 2504 ln
341 2467 529 2517 epimetro
568 2469 617 2506 ad
656 2469 831 2508 Lowthii
876 2470 924 2508 de
963 2471 1079 2509 sacra
1115 2471 1331 2510 Hebraeor.
1369 2471 1479 2523 poe'si
1518 2472 1708 2522 praelect.

201 2532 380 2579 XXXII,
411 2547 448 2585 p.
468 2532 734 2574 674—683.
782 2537 931 2576 Introd.
961 2537 1001 2576 in
1034 2539 1188 2577 Veteris
1219 2540 1399 2578 Testam.
1431 2539 1572 2583 libros,
1606 2538 1704 2578 Par-

199 2599 251 2636 tis
282 2600 297 2637 1
330 2605 428 2638 sect.
457 2600 502 2646 l,
536 2615 572 2651 p.
597 2601 650 2639 72
671 2625 719 2630 -—
737 2602 805 2642 92.

142 2663 212 2715 23)
243 2667 391 2706 Introd.
421 2667 460 2704 in
493 2667 790 2709 Vet.‚Testam.
822 2671 965 2718 libros,
998 2672 1044 2711 P.
1064 2673 1123 2719 ΙΙ,
1153 2688 1190 2724 p.
1209 2670 1474 2711 802—812.
1500 2722 1504 2728 ³
