1979 3073
514 186 565 221 De
593 187 683 231 stylo
723 186 928 222 carm‘inum
956 183 1211 221 Arabicorum.
1595 185 1675 223 203

58 293 194 346 magis
225 293 410 333 numinis
439 293 572 333 divini
614 292 881 346 pulchritudo
921 301 1046 347 atque
1088 291 1290 346 perfectio
1330 305 1497 334 omnem
1526 291 1676 332 huma-

59 383 154 409 nam
187 368 544 422 pulchritudinem
569 380 751 424 superat.
805 370 937 411 Sicuti
963 379 1101 410 autem
1126 368 1311 410 humano
1338 384 1481 410 amore
1511 371 1677 411 animus

58 448 176 501 quasi
209 446 409 488 inebriari
440 452 483 487 et
511 447 562 488 ad
589 449 799 487 insaniam
821 447 957 502 abripi
977 446 1108 498 solet,
1140 449 1198 487 ita
1220 446 1350 488 multo
1376 449 1511 502 magis
1533 449 1677 488 divino

58 524 133 565 illo
175 539 341 571 amore3
382 539 503 579 quem
547 524 734 565 habitum
776 539 868 565 cum
909 524 1047 565 nullus
1087 538 1226 565 sermo
1264 526 1500 578 exprimere
1532 527 1678 580 possit,

59 603 215 641 amoris
262 615 360 641 vero
401 611 525 657 atque
564 603 783 644 ebrietatis
833 603 951 643 furor
998 603 1190 656 proxime
1230 600 1293 641 illi
1334 603 1527 652 accedat,
1579 594 1700 657 qnid'

57 681 234 729 mirum,
265 685 410 734 poetas
439 683 596 722 amoris
618 681 792 722 humani
815 690 938 735 atque
966 679 1180 720 ebrietatis
1203 679 1460 733 imaginibus
1491 681 1678 721 divinum

57 756 180 798 illum
219 771 405 798 amorem
448 759 738 814 descripsisse.
807 759 920 799 Huic
957 759 1190 799 sententiae
1228 756 1302 798 alii
1341 769 1577 812 opponunt,
1620 760 1678 800 nil

60 837 232 876 omniuo
263 835 452 887 obstare,
486 851 566 888 quo
595 840 734 878 minus
757 838 914 878 amoris
937 837 1069 876 divini
1093 834 1285 889 voluptas
1307 837 1462 876 amoris
1489 835 1678 888 humani,

58 912 128 953 vel
157 913 371 954 ebrietatis
402 915 588 969 imagine
618 925 979 970 repraesentetur3
1012 927 1147 969 neque
1171 922 1309 953 tamen
1338 926 1428 953 eam
1451 914 1676 969 imaginem

57 1005 132 1046 per
170 993 381 1047 integrum
422 1007 613 1044 carmen,
669 994 827 1033 omissa
877 993 1039 1047 penitus
1089 992 1259 1045 propria
1301 992 1494 1040 notione,
1552 1006 1678 1047 posse

60 1071 256 1118 extendi3
288 1072 330 1111 id
356 1072 466 1111 enim
499 1072 570 1126 qui
601 1071 810 1121 facerent,
844 1085 927 1111 non
961 1071 1173 1119 carmina,
1204 1070 1276 1110 sed
1308 1070 1545 1123 aenigmata
1574 1072 1680 1110 scri-

60 1146 160 1188 bere
190 1150 390 1189 censendi
422 1158 579 1189 essent.
640 1147 789 1204 Neque
820 1147 946 1189 ullam
979 1149 1127 1188 adesse
1158 1148 1389 1197 rationem,
1434 1161 1554 1201 quam
1588 1162 1681 1202 pro-

61 1234 152 1279 pter
184 1232 330 1280 poetae
362 1241 449 1266 rem
492 1228 673 1267 maxime
713 1225 995 1277 laudabilem,
1045 1227 1237 1281 pietatem
1279 1226 1321 1264 in
1355 1225 1516 1277 Deum,
1559 1236 1681 1281 tegu-

61 1305 214 1344 mentis
245 1303 462 1344 involvere
495 1303 646 1354 velint,
680 1315 823 1345 contra
851 1318 1015 1350 amores
1038 1304 1272 1357 impudicos
1300 1313 1440 1357 aperte
1473 1303 1679 1358 profiteri.

60 1379 197 1421 Multo
238 1383 364 1436 igitur
405 1396 498 1422 esse
543 1382 840 1432 verisimilius,
893 1387 1035 1435 poetas
1086 1379 1204 1430 illos,
1252 1390 1460 1436 utcunque
1509 1396 1681 1422 sensum

61 1460 267 1513 quendam
299 1452 504 1500 occultum
534 1461 709 1500 innuere
741 1461 990 1509 videantur,
1024 1474 1073 1499 eo
1104 1457 1239 1499 solum
1272 1469 1491 1513 praetextu
1521 1461 1603 1508 uti,
1636 1468 1682 1499 ut

62 1538 175 1577 cives
207 1552 305 1577 suos
337 1537 530 1577 credulos
559 1547 598 1576 et
624 1537 844 1591 religiosos
868 1538 1102 1591 decipiant,
1136 1548 1175 1576 et
1201 1536 1483 1591 voluptatibus
1505 1536 1681 1578 liberius

61 1614 307 1670 indulgeant
339 1618 417 1668 ⁹8).
463 1640 510 1646 —
554 1613 689 1655 Nobis
720 1616 762 1654 in
803 1614 880 1654 hac
922 1616 1168 1668 opinionum
1200 1615 1462 1654 dissensione
1498 1615 1558 1655 ita
1596 1624 1682 1656 sta-

63 1695 260 1733 tuendum
293 1694 477 1733 videtur:
512 1692 658 1733 haberi
691 1694 863 1733 omnino
895 1694 935 1732 in
968 1691 1154 1732 Arabum
1188 1694 1304 1745 poesi
1331 1694 1542 1741 carmina,
1575 1707 1680 1745 quae

60 1773 104 1812 in
137 1771 351 1825 allegoriis
391 1772 578 1823 mysticis
614 1780 853 1818 versenturg
895 1769 961 1810 his
1001 1780 1138 1810 tamen
1183 1771 1352 1809 nonnisi
1390 1784 1440 1809 ea
1480 1778 1568 1810 tuto
1610 1771 1682 1811 ad-

66 1851 280 1891 numerari
312 1863 455 1902 posse,
499 1862 674 1902 quorum
718 1848 782 1888 rel
823 1863 1025 1902 expressa
1065 1847 1212 1894 verba,
1256 1846 1321 1887 vel
1363 1861 1504 1888 rerum
1544 1863 1681 1889 nexus

65 1910 255 1968 altiorem
298 1926 416 1967 illum
461 1941 630 1967 sensum
669 1929 870 1974 innuant3
914 1935 1075 1975 cetera,
1117 1925 1269 1980 quibus
1309 1924 1367 1965 nil
1405 1927 1529 1973 insit,
1571 1927 1681 1981 quod

26 1993 34 1996 “
65 2005 338 2060 allegoricam
369 2007 753 2060 interpretationem
787 2004 1014 2060 efflagitet,
1048 2003 1145 2044 licet
1176 2002 1227 2043 ab
1253 2003 1551 2058 interpretibus
1574 2003 1682 2045 Ara-

63 2084 172 2125 bicis
219 2084 263 2122 in
311 2085 532 2136 mysticum
579 2097 749 2124 sensum
799 2084 1155 2137 detorqueantur,
1209 2083 1374 2135 proprie
1422 2082 1682 2134 accipienda.

65 2159 315 2214 Exemplum
348 2159 573 2214 allegoriae
607 2164 807 2213 mysticae
839 2160 969 2200 habes
999 2162 1043 2199 in
1075 2157 1407 2199 celebratissimo
1438 2158 1511 2199 illo
1536 2160 1685 2200 Omari

69 2251 148 2292 ebn
176 2247 355 2291 Faredlz
394 2250 603 2298 carmine,
644 2249 755 2303 quod
791 2238 923 2311 &3505
960 2247 1219 2287 inscribitur.
1291 2247 1336 2288 In
1378 2247 1457 2288 hoc
1496 2249 1681 2288 carmine

68 2340 222 2379 amoris
265 2338 396 2378 divini
442 2337 632 2391 voluptas
681 2339 766 2377 vini
805 2335 1037 2378 dulcissimi
1086 2338 1268 2391 imagine
1309 2337 1517 2390 pingitur,
1574 2349 1680 2390 quae

66 2417 207 2470 imago
258 2416 355 2455 inde
395 2428 419 2454 a
461 2416 659 2456 carminis
698 2416 820 2455 initio
866 2416 916 2455 ad
961 2413 1089 2454 finem
1131 2428 1260 2469 usque
1300 2416 1588 2463 continuatur,
1640 2422 1682 2454 et

123 2636 197 2687 98)
226 2637 323 2676 Vide
344 2638 497 2676 Jonesii
530 2643 695 2688 poeseos
716 2639 920 2679 Asiaticae
950 2639 1312 2677 commentariorum
1344 2651 1430 2687 cap.
1454 2638 1522 2684 lx,
1554 2639 1596 2675 de
1615 2650 1681 2676 ar-

181 2706 276 2743 cami
301 2710 511 2754 po'e'matum
536 2708 809 2754 significatione.
