1979 3073
540 195 591 230 De
633 197 724 241 stylo
755 197 960 231 carminum
991 193 1266 231 Hebraicoruwm.
1636 194 1714 232 153

95 301 435 342 venientissimas
473 302 515 341 in
552 301 852 355 prophetarum
889 303 1060 356 scriptis
1098 300 1247 342 haberi
1287 299 1532 356 parabolas:
1574 309 1714 341 tamen

93 377 203 420 baud
235 379 522 430 diffitendum,
561 380 744 419 inveniri
775 381 902 419 etiam
942 378 1076 430 tales,
1120 394 1297 434 quarum
1339 381 1548 434 imagines
1580 392 1716 433 neque

92 459 339 511 appositae,
365 472 512 513 *neque
552 459 800 513 perspicuae
841 458 944 497 satis
981 458 1198 505 videntur;
1246 458 1287 497 id
1323 458 1434 512 qnod
1468 457 1716 511 praesertim

91 534 142 574 de
174 525 422 588 quibusdam
456 535 708 577 Ezechielis
745 544 787 574 et
818 534 1066 576 Zachariae
1111 534 1324 588 parabolis
1366 536 1715 590 praedicaverim,

92 626 225 666 quae,
257 615 339 655 nisi
368 613 422 655 ab
448 616 554 668 ipsis
584 613 830 654 auctoribus
856 613 999 653 addita
1028 620 1140 652 esset
1169 610 1421 666 explicatio,
1453 615 1526 653 vix
1557 628 1581 653 a
1612 622 1718 667 quo-⁴

90 691 205 743 piam
239 691 589 751 intelligerentur.
649 690 793 740 Quare
832 690 945 732 haud
985 690 1100 730 omni
1141 702 1195 729 ex
1234 698 1351 743 parte
1389 688 1586 732 Lowlhii
1621 705 1718 732 sen·

90 770 249 809 tentiae
279 771 480 811 accedere
508 783 757 824 possumus,
799 771 894 824 qni,
934 768 1026 808 sive
1057 767 1421 817 convenientiam,
1459 769 1548 808 sive
1582 781 1718 808 venu-

90 854 266 896 statem,
294 849 386 888 sive
407 833 1021 902 perspicuitatem‘imaginum‚
1052 857 1160 899 quae
1184 843 1239 884 ab
1259 843 1555 885 Hebraeorum
1582 846 1717 899 poetis

89 924 135 964 in
171 925 384 978 parabolis
424 927 512 966 suis
552 923 831 975 adhibentur,
872 933 1066 979 spectes,
1114 923 1188 963 vix
1218 924 1447 979 quidquam
1483 923 1718 965 desiderari

91 1016 217 1056 posse
248 1004 463 1044 contendit
490 1006 570 1056 ⁸⁹).

202 1080 297 1121 Hae
325 1082 416 1122 fere
445 1091 543 1122 sunt
572 1081 780 1122 orationis
810 1080 1000 1136 figurae,
1043 1078 1196 1135 quibus
1227 1077 1525 1119 Hebraeorum
1565 1082 1718 1132 poetae

92 1161 361 1214 potissimum
389 1169 577 1200 utuntur.
636 1158 912 1200 Inveniuntur
942 1168 1108 1212 praeter
1137 1155 1234 1197 illas
1265 1165 1306 1196 et
1336 1154 1474 1206 aliae,
1515 1164 1559 1196 ut
1586 1161 1719 1197 meto-

92 1241 259 1290 nymia,
290 1237 575 1290 synecdoche,
609 1236 894 1292 apostrophe,
927 1234 1176 1289 hyperbole,
1199 1242 1278 1273 etc.
1313 1247 1490 1288 quarum
1522 1232 1718 1287 exempla

91 1316 135 1355 in
173 1317 356 1355 medium
397 1314 587 1368 proferre
629 1328 990 1369 supervacaneum
1032 1313 1221 1361 videtur,
1263 1324 1356 1351 cum
1390 1312 1479 1363 jam
1520 1324 1574 1351 ex
1614 1309 1718 1360 illis,

93 1406 196 1446 quas
227 1393 407 1433 hucdum
439 1394 738 1446 exposuimus,
780 1392 946 1432 dicendi
977 1390 1126 1444 figuris
1156 1394 1375 1442 poetarum
1405 1387 1719 1428 Hebraicorum

95 1470 229 1524 stylus
260 1472 418 1512 affatim
453 1471 654 1525 cognosci
685 1471 817 1523 possit
845 1479 968 1523 atque
999 1468 1239 1521 dijudicari.

773 1647 855 1682 Ca
868 1657 919 1690 p.
971 1647 1041 1681 11.

570 1738 616 1770 Dc
657 1738 748 1781 stylo
775 1738 959 1770 carminum
985 1735 1220 1769 Arabicorum.

735 1851 773 1898 §.
811 1845 1072 1888 LXXXVI.

210 1938 276 1979 De
307 1938 541 1977 carminum
569 1936 850 1977 Arabicorum
881 1935 991 1989 stylo
1034 1936 1290 1990 disputaturi
1321 1935 1582 1975 diversorum
1614 1940 1722 1971 tem-

100 2030 271 2070 porum,
315 2014 466 2070 quibus
507 2013 619 2068 apud
649 2014 816 2056 Arabes
856 1996 1035 2068 poeseos
1074 2014 1261 2054 studium
1304 2012 1472 2060 floruit,
1513 2010 1722 2050 rationem

96 2094 360 2143 habeamus,
404 2107 578 2133 necesse
609 2102 685 2133 est.
746 2091 940 2146 Namque
970 2092 1182 2130 diversum
1210 2104 1286 2145 pro
1316 2089 1495 2130 diversis
1526 2088 1723 2141 tempori-

99 2172 179 2212 bus
212 2177 428 2226 poetarum
463 2169 739 2210 Arabicorum
769 2169 938 2211 dicendi
968 2182 1128 2223 genus3
1171 2170 1232 2208 ita
1261 2168 1455 2223 quidem,
1497 2173 1542 2205 ut
1570 2165 1724 2218 poetis,

101 2240 424 2290 Abbasidarum
463 2246 540 2287 sub
573 2248 754 2301 imperio
798 2246 1076 2296 florentibus,
1120 2248 1193 2286 vix
1232 2245 1483 2292 conveniat,
1525 2242 1635 2297 quod
1670 2241 1722 2281 de

101 2326 414 2368 Mohammeclis
443 2323 691 2380 aequalibus
719 2326 871 2364 merito
913 2325 1049 2378 possis
1080 2323 1338 2377 praedicare,
1397 2321 1444 2362 In
1477 2322 1721 2360 universum

101 2405 241 2445 omnis
277 2402 464 2444 Arabum
506 2403 647 2456 poesis
688 2404 729 2443 in
772 2412 958 2443 veterem
999 2410 1040 2441 et
1080 2401 1360 2441 recentiorem
1399 2399 1532 2439 dividi
1572 2405 1724 2451 potest.

103 2481 277 2523 Veteris
306 2482 479 2522 nomine
509 2494 601 2520 eam
632 2481 909 2534 insignimus,
940 2493 1047 2532 quae
1077 2493 1131 2519 ex
1162 2476 1237 2518 illo
1262 2487 1474 2532 tempore,
1507 2490 1590 2531 quo
1620 2475 1723 2515 'artis

100 2559 278 2613 hujusce
307 2559 493 2600 studium
524 2558 634 2611 apud
665 2556 829 2598 Arabes
861 2558 1043 2612 primum
1072 2555 1155 2596 coli
1185 2557 1348 2611 coepit,
1390 2556 1443 2597 ad
1475 2551 1723 2595 Abbasida-

161 2715 233 2766 89)
264 2717 323 2754 De
352 2718 468 2754 sacra
502 2715 768 2764 Hebraeorum
801 2715 936 2765 poesi,
969 2714 1145 2765 praelcct
1190 2712 1241 2749 X.
