1958 2947
556 168 609 205 De
635 168 726 214 stylo
755 168 964 207 carminum
993 169 1272 205 Hebraicorum.
1639 169 1718 205 129

80 264 391 317 'Tritissimum
420 276 601 331 denique
622 275 752 328 illud,
782 278 1005 329 accingere
1030 273 1226 326 lumbos,
1259 288 1342 330 quo
1361 275 1559 329 expedita
1582 289 1719 330 prom-

100 363 226 410 taque
257 355 411 410 agendi
447 355 556 394 ratio
591 361 782 402 notatur3
813 355 952 395 sumta
989 354 1174 409 imagine
1210 368 1235 394 a
1268 352 1380 394 laxis
1407 352 1720 409 fluentibusque

101 431 318 489 homiuum
358 430 626 473 orientalium
663 431 878 483 vestibus,
921 445 1025 485 quas
1068 432 1316 486 succingere
1354 429 1519 484 solent,
1558 433 1721 486 quoties

103 512 239 565 operi,
271 509 340 551 vel
362 511 505 551 itineri
526 509 723 551 faciendo
752 523 846 550 sese
881 516 1148 564 praeparant.

768 646 805 694 §-
842 641 1057 684 LXXIV.

214 743 363 801 Neque
387 755 525 786 tamen
560 760 585 785 a
612 744 800 800 profanis
830 753 992 784 tantum
1019 742 1170 793 rebus,
1198 756 1342 784 verum
1371 745 1495 784 etiam
1523 757 1547 783 a
1576 744 1724 795 sacris,

103 827 293 878 quamvis
317 826 476 873 rarius,
507 823 803 865 Hebraeorum
829 827 976 877 poetae
1005 822 1211 876 imagines
1234 823 1438 862 orationis
1465 829 1723 863 mutuantur.

104 901 216 942 luter
257 916 399 943 sacros
429 901 725 942 Hebraeorum
766 903 873 942 ritus
909 900 1074 940 diversa
1110 898 1374 940 lustrationis
1413 914 1571 954 genera
1612 899 1724 939 haud

103 979 296 1021 ultimum
328 980 411 1021 sibi
441 981 654 1020 vindicant
682 978 835 1019 locum.
896 976 1262 1031 Simplicissimum
1298 976 1561 1017 lustrationis
1591 990 1725 1031 genus

103 1061 289 1112 corporis
328 1068 453 1113 atque
493 1060 839 1098 vestimentorum
876 1054 1035 1095 lotione
1073 1055 1390 1104 continebatur3
1430 1069 1512 1109 quo
1553 1055 1635 1094 ritu
1677 1055 1725 1103 ii,

105 1136 175 1189 qui
200 1133 402 1174 leviorem
430 1133 613 1189 aliquam
643 1135 955 1181 immunditiam
987 1133 1071 1173 sibi
1099 1142 1423 1182 contraxerant,
1456 1133 1628 1172 nonnisi
1649 1145 1726 1186 per

105 1214 229 1252 unius
250 1213 333 1252 diei
355 1214 538 1266 spatium
568 1213 836 1261 duraturam,
868 1210 1168 1265 purgabantur.
1227 1210 1363 1259 Haec*
1380 1212 1571 1265 corporis
1600 1218 1725 1264 atque

106 1292 450 1330 vestimentorum
470 1289 599 1340 lotio,
631 1288 725 1344 lege
756 1290 1042 1344 praescripta,
1075 1302 1376 1343 nonnunquam
1397 1290 1448 1329 ad
1475 1289 1605 1328 animi
1625 1302 1725 1340 pur—

105 1370 320 1423 gationem
346 1377 470 1423 atque
490 1369 778 1422 expiationem
807 1365 1070 1407 transfertur.
1132 1365 1203 1405 Sic
1222 1364 1390 1407 Psalmo
1411 1366 1485 1415 LI,
1508 1372 1555 1406 4:

795 1456 907 1489 '27:572
939 1454 1064 1486 ¹⁵:03:
1098 1454 1222 1486 ἰ’ἵΞἿΠ

818 1532 980 1567 ἶἾἾῧῑΩ
1014 1532 1218 1565 'musam

383 1600 563 1654 Saepius
592 1597 688 1640 lava
722 1612 790 1640 me
820 1599 873 1639 ab
907 1600 1127 1655 iniquitate
1160 1600 1278 1649 mea,

384 1679 438 1718 Et
468 1693 493 1718 a
525 1686 701 1732 peccato
731 1691 828 1717 meo
858 1676 1058 1718 mundum
1089 1689 1155 1716 me
1189 1676 1332 1717 redde.

109 1758 232 1808 Quod
264 1759 300 1798 si
332 1770 431 1796 vero
465 1757 557 1810 quis
587 1754 771 1796 hominis
800 1755 978 1803 mortui,
1007 1752 1072 1793 vel
1098 1753 1282 1808 sepulcri
1304 1755 1547 1808 ossiumque
1575 1752 1722 1794 huma-

109 1851 258 1878 norum
300 1842 495 1876 contactu
530 1848 624 1874 sese
667 1835 1020 1882 contaminasset,
1062 1831 1127 1872 vel
1162 1834 1286 1872 etiam
1319 1831 1372 1873 ab
1410 1831 1621 1872 horrendo
1651 1830 1726 1872 illo

108 1914 280 1964 morbo,
309 1927 430 1968 quem
456 1911 616 1966 lepram
651 1912 819 1962 dicunt,
848 1910 1156 1960 convaluisset,
1186 1920 1351 1963 praeter
1380 1911 1572 1963 corporis
1602 1918 1726 1964 atque

57 2007 62 2013 ¹
107 1994 456 2033 vestimentorum
485 1989 687 2030 lotionem
713 1989 820 2030 aliae
851 1990 1056 2044 quaedam
1087 1988 1412 2042 requirebantur
1439 1989 1725 2028 caerimoniae

107 2071 159 2111 ad
193 2069 468 2110 amovendam
502 2068 826 2108 immunditiam.
885 2066 1224 2121 praeparabatur
1252 2067 1363 2105 enim
1387 2064 1572 2106 lustralis
1600 2080 1724 2122 aqua,

110 2147 176 2188 vel
208 2147 406 2187 admixtis
441 2159 573 2200 aquae
615 2146 832 2186 cineribus
863 2159 1016 2185 vaccae
1049 2144 1190 2193 rufae,
1225 2145 1267 2183 in
1307 2143 1418 2183 hunc
1454 2157 1573 2184 usum
1611 2157 1726 2183 coma

111 2225 278 2273 bustae,
317 2223 383 2264 vel
417 2224 556 2264 infuso
596 2226 640 2264 in
680 2237 829 2278 aquam
872 2232 1076 2263 mactatae
1107 2224 1198 2263 avis
1231 2224 1460 2277 sanguine3
1502 2236 1583 2275 quo
1615 2221 1726 2262 facto

110 2303 284 2357 hyssopi
316 2301 541 2342 fasciculus
571 2304 613 2342 in
646 2315 795 2356 aquam
825 2299 1039 2341 lustralem
1080 2301 1436 2356 immergebatur,
1478 2314 1611 2354 eoque
1651 2314 1728 2340 ex-

110 2381 289 2435 piandus
320 2380 662 2435 adspergebatur.
721 2379 860 2429 Quam
902 2393 994 2419 cum
1036 2378 1211 2434 hyssopi
1249 2377 1452 2420 fasciculo
1484 2379 1727 2432 adspersio-

112 2473 207 2499 nem
246 2464 373 2513 poeta
413 2457 591 2513 figurate
633 2459 684 2499 ad
728 2459 1020 2513 purgationem
1062 2471 1087 2496 a
1124 2459 1307 2511 peccatis
1345 2455 1556 2498 transtulit
1596 2456 1725 2496 citato

109 2538 196 2588 jam
225 2536 394 2577 Psalmo
423 2536 505 2584 LI,
536 2541 585 2576 9:

716 2626 866 2657 *num
899 2625 1027 2657 mm:
1059 2625 1223 2657 '‘JNDUD

662 2701 666 2704 ’
720 2695 868 2747 εῑῄέκ
902 2694 1038 2735 :bium
1067 2702 1221 2734 *nonan
