1968 3095
201 222 291 262 100
816 222 908 259 Pars
940 221 993 259 ΙΙ.
1055 221 1147 270 Cap.
1179 221 1230 258 11.

199 342 324 386 atque
354 330 626 372 dramaticam
655 330 802 384 poesin
833 329 1000 371 Arabes
1041 344 1126 371 non
1157 329 1446 382 excoluerint,
1483 344 1660 386 quarum
1689 338 1830 373 tamen

204 419 422 463 utramque
461 418 650 463 tempore
689 406 788 458 illo,
829 421 911 462 quo
949 406 1167 451 literarum
1208 409 1467 475 Graecarum
1504 410 1658 452 studiis
1699 411 1830 452 dediti

202 495 372 536 essent,
417 484 542 526 facile
574 501 599 526 a
630 485 806 527 Graecis
837 487 1074 530 adsciscere
1114 498 1323 545 poterant.
1394 488 1539 542 Hujus
1569 489 1630 530 rei
1657 502 1829 530 causam

203 566 390 605 maxime
425 564 468 603 in
501 578 554 604 eo
585 566 765 620 positam
797 567 1158 618 existimaverim,
1198 568 1308 623 quod
1337 569 1425 622 jam
1456 566 1584 622 longe
1612 574 1709 607 ante
1741 565 1831 608 Ab·

205 643 447 683 basidarum
488 651 708 698 tempora,
765 643 918 698 quibus
957 644 1105 701 lingua
1147 645 1379 701 literaeque
1419 645 1679 687 Graecorum
1718 645 1831 685 inter

203 720 369 761 Arabes
411 718 495 761 ooli
529 735 729 775 coepere,
772 724 912 776 poesis
943 722 1128 765 Arabica
1169 725 1220 765 ad
1260 738 1467 765 summum
1501 723 1649 765 florem
1680 736 1830 779 perve-

202 800 333 847 nerit,
360 808 582 852 tantusque
613 801 923 854 antiquioribus
947 801 1033 843 illis
1058 809 1236 857 poeseos
1265 804 1537 843 monimentis
1561 801 1829 856 postmodum

202 876 340 917 honos
373 876 543 917 habitus
573 877 725 929 fuerit,
760 888 805 918 ut
843 881 1017 922 serioris
1047 883 1142 921 aevi
1174 887 1325 936 poetae
1354 895 1405 920 ea
1432 879 1501 921 vel
1531 881 1705 921 omnino
1736 880 1830 920 imi-

201 965 419 1003 tarentur,
451 953 519 994 vel
545 954 693 995 saltem
726 956 779 997 ab
809 959 862 998 iis
894 961 1126 999 carminum
1158 958 1412 1014 generibus,
1441 973 1547 1014 quae
1578 959 1828 1013 antiquiori-

202 1032 280 1074 bus
313 1035 356 1073 in
390 1047 468 1073 usu
502 1033 694 1083 fuerant,
739 1037 938 1077 recedere
976 1052 1060 1078 non
1092 1039 1309 1078 auderent.
1377 1037 1472 1077 Jam
1512 1051 1612 1078 vero
1643 1051 1737 1077 cum
1770 1051 1823 1076 ex

198 1112 430 1166 antiquiori
468 1109 543 1151 illa
585 1113 703 1164 poesi
751 1122 793 1152 et
828 1116 992 1168 epicum
1043 1126 1084 1157 et
1123 1117 1400 1157 dramaticum
1442 1097 1591 1170 genus·
1617 1113 1827 1166 exularet,

198 1203 335 1244 neque
375 1191 420 1230 in
459 1191 737 1231 recentiorem
779 1195 927 1246 poesin
969 1203 1140 1248 recepta
1176 1193 1321 1248 fuere5
1363 1196 1444 1234 etsi
1488 1192 1718 1234 verisimile
1756 1194 1827 1243 sit,

198 1267 514 1308 Abbasidarum
556 1267 634 1308 sub
679 1269 881 1323 imperio,
933 1285 1015 1326 quo
1064 1283 1254 1325 tempore
1301 1271 1517 1312 literarum
1566 1269 1826 1311 Graecarum

198 1348 337 1386 studia
367 1356 484 1386 tanto
516 1360 608 1387 oum
643 1346 795 1387 ardore
825 1348 878 1390 ab
901 1348 1116 1390 Arabibus
1147 1358 1322 1389 tractata
1350 1349 1496 1399 fuere,
1529 1349 1690 1403 epicam
1721 1361 1825 1403 quo-

198 1438 278 1477 que
310 1434 351 1464 et
381 1425 654 1466 dramaticam
678 1424 937 1467 Graecorum
961 1431 1106 1482 poEsin
1133 1429 1238 1483 ipsis
1268 1429 1520 1468 innotuisse.
1562 1424 1659 1474 Qua
1684 1434 1824 1466 autem

196 1503 362 1542 ratione
394 1504 607 1553 evenerit,
647 1514 690 1543 ut
716 1513 938 1560 utrumque
979 1513 1159 1560 poeseos
1200 1519 1501 1561 genuslneque
1532 1503 1585 1544 ab
1614 1506 1827 1559 antiquio-

195 1579 314 1619 ribus
347 1580 534 1621 Arabum
566 1583 725 1636 poetis,
771 1598 906 1638 neque
949 1588 1121 1625 omnino
1161 1600 1185 1625 a
1218 1585 1446 1625 Semiticae
1477 1584 1654 1638 originis
1685 1584 1823 1638 genti·

197 1657 302 1707 bus,
347 1658 582 1710 Hebraeis,
633 1660 752 1713 Syris
793 1671 835 1701 et
875 1664 1053 1715 ceteris,
1097 1662 1310 1704 excultum
1353 1662 1505 1710 suerit,
1546 1676 1641 1703 cum
1679 1670 1818 1702 tamen

193 1737 301 1790 apud
333 1735 440 1777 alios
472 1740 647 1779 orientis
669 1738 864 1794 populos,
896 1741 1113 1791 Sinenses,
1143 1740 1272 1782 Indos
1296 1727 1529 1796 Persasque
1560 1738 1627 1781 vel
1658 1748 1823 1780 utrum,

193 1827 297 1867 ‘3¹¹⁰’
349 1814 415 1855 vel
461 1815 709 1857 alterutrum
752 1821 948 1860 usitatum
991 1822 1071 1869 sit‚‘
1122 1833 1207 1860 non
1259 1821 1420 1860 adtinet
1462 1818 1543 1859 hoc
1590 1818 1686 1858 loco
1731 1818 1817 1858 dis-

194 1894 362 1945 quirere
399 1899 414 1919 ⁸
429 1894 481 1944 ³).

860 2018 897 2054 (ἶ
909 2028 941 2053 a
954 2029 1005 2064 ιι.
1049 2021 1148 2055 111.

688 2110 1361 2159 Comparatio&

906 2215 941 2262 ξ.
981 2211 1098 2253 LIX.

306 2298 367 2337 Ex
411 2299 485 2348 iis,
528 2315 632 2354 quae
672 2302 723 2341 de
766 2307 944 2355 poeseos
976 2301 1217 2343 Hebraicae
1249 2309 1289 2340 et
1320 2300 1533 2342 Arabicae
1565 2314 1813 2359 argumento

189 2374 453 2431 diversisque
495 2380 727 2419 carminum
772 2379 1000 2434 generibus
1037 2379 1242 2422 hactenus
1273 2380 1484 2433 disputata
1524 2388 1646 2430 sunt,
1688 2379 1812 2421 facile

241 2555 314 2605 5⁴3)
348 2557 405 2593 Dc
438 2560 569 2596 causis
603 2560 811 2609 neglectae
856 2574 878 2596 n
927 2561 1080 2612 populis
1113 2560 1313 2597 Scmiticis
1357 2566 1522 2611 po'escos
1565 2561 1807 2599 (hamaticae

291 2627 369 2673 jam
413 2627 617 2676 superius,
665 2625 699 2675 Q.
734 2628 820 2664 xl..
865 2635 943 2664 not.
992 2628 1066 2671 (313,
1111 2634 1237 2664 artum
1281 2628 1367 2665 fuit.
1450 2629 1617 2666 Easdem
1661 2641 1803 2666 causas

292 2701 326 2726 «et
361 2695 469 2742 poi¹si
501 2694 637 2743 epicuc
673 2694 772 2743 apud
806 2695 970 2743 populos
999 2695 1087 2731 iilos
1121 2695 1320 2733 affec-isso,
1354 2695 1472 2731 facilc
1503 2700 1565 2732 est
1587 2694 1804 2732 intellectu.

293 2758 385 2794 Udo
422 2764 567 2798 ln'utultli
601 2762 963 2798 commeritationcm
1007 2764 1053 2798 de
1087 2763 1350 2799 Hebraeorum
1385 2762 1517 2812 poiisi,
1558 2776 1594 2812 p.
1632 2760 1696 2807 14,
1740 2759 1803 2799 15.
