1968 3095
229 181 282 218 72
852 178 956 216 Pars.
987 180 1039 216 11.
1101 177 1193 225 Cap.
1225 176 1255 213 1.

233 289 469 328 carminum
509 299 666 341 genera
704 286 815 340 apud
857 287 1152 329 Hebraeorum
1196 292 1339 342 poetas
1379 287 1422 326 in
1462 299 1541 326 usu
1570 285 1741 328 fuerint.
1812 285 1856 327 ln

235 365 488 407 definiendis
522 363 756 404 carminum
787 366 1016 420 generibus
1048 376 1090 407 et
1119 372 1441 421 argumentum,
1493 371 1535 404 et
1565 373 1743 406 externa
1771 379 1863 406 car-

235 446 394 484 minum
427 443 565 483 forma
595 444 775 496 spectari
807 443 933 499 vulgo
961 444 1092 492 solet3
1132 457 1280 485 verum
1311 456 1405 483 cum
1436 441 1746 484 Hebraicorum
1775 457 1864 484 car-

237 524 394 562 minum
426 521 564 561 forma
595 530 797 572 externa,
841 524 966 563 sicuti
997 525 1178 564 inferius
1214 520 1598 570 demonstrabitur,
1637 520 1865 576 simplicis-

233 601 342 640 sima
372 601 450 650 sit,
482 601 525 640 in
559 599 814 641 definiendis
844 603 1078 642 carminum
1101 601 1412 642 Hebraicorum
1443 599 1674 654 generibus
1698 601 1869 641 nonnisi

234 679 472 732 argumenti
523 680 632 719 ratio
685 678 880 720 habenda
928 680 1108 721 videtur.
1184 677 1338 720 Omnis
1381 689 1523 720 autem
1567 676 1862 718 Hebraeorum

235 758 376 810 poesis
415 756 585 811 ‹laplc‘cc'
622 762 810 798 maxime
849 771 1014 812 genere
1055 759 1318 798 continetur:
1372 759 1507 811 lyrico
1549 769 1698 811 nempe
1737 765 1862 811 atque

234 832 467 874 didaclt’w.
536 835 690 888 Lyrica
721 836 862 889 po'esis
894 844 935 875 et
966 837 1257 890 antiquissima
1287 836 1395 890 apud
1425 836 1646 877 Hebraeos
1679 831 1781 883 fnit',
1821 842 1864 874 et

233 910 437 951 latissime
470 920 630 965 patens.
699 911 832 953 Bellis
865 916 1049 953 maxime
1080 923 1120 953 et
1152 915 1336 955 numinis
1368 915 1501 956 divini
1533 913 1647 956 cultu
1679 913 1864 954 excitata

233 990 470 1044 mirumque
510 992 552 1030 in
594 992 765 1031 modum
808 1006 880 1046 per
920 991 1217 1047 prophetarunt}
1257 992 1425 1034 scholas
1457 992 1719 1047 Davidisque
1749 991 1863 1045 regis

234 1070 363 1121 operit
394 1077 588 1122 promota
618 1078 742 1123 atque
771 1069 938 1110 exculta
971 1070 1064 1110 fuit.
1127 1070 1260 1111 Sicuti
1292 1070 1577 1122 Graecorum,
1612 1071 1670 1111 ita
1700 1077 1742 1109 et
1769 1069 1862 1111 He-

231 1144 454 1186 braeorum
488 1145 618 1199 lyrica
658 1148 797 1202 poesis
837 1162 919 1188 non
951 1149 1043 1188 sine
1075 1158 1226 1198 cantu,
1277 1150 1437 1189 musico
1468 1148 1562 1190 lusu
1593 1149 1862 1203 tripudioque

231 1222 532 1272 exercebatur-3
577 1227 658 1280 qua
692 1240 786 1266 cum
819 1229 1009 1282 cognatis
1048 1226 1211 1267 artibus
1243 1228 1542 1280 conjunctione
1571 1225 1680 1267 haud
1713 1241 1860 1281 parum

230 1301 377 1354 adjuta
408 1301 500 1341 fuit.
569 1304 773 1359 Legimus
815 1310 839 1345 2
863 1305 973 1345 Mos.
1004 1305 1107 1354 XV,
1142 1310 1220 1355 20,
1252 1311 1332 1355 21,
1374 1305 1592 1353 Mariam,
1635 1303 1860 1346 Altarom's

230 1394 446 1430 sororem,
481 1391 726 1436 ceterasque
755 1382 954 1424 mulieres
978 1383 1200 1424 Hebraeas
1231 1385 1340 1423 inter
1368 1391 1659 1436 tympanorum
1691 1381 1859 1436 pulsum

228 1467 354 1511 atque
397 1460 580 1511 tripudia
627 1460 828 1514 hymnum
867 1462 909 1501 in
949 1460 1188 1502 mirabilem
1233 1460 1353 1501 illum
1402 1475 1476 1515 per
1524 1474 1639 1500 mare
1683 1460 1858 1502 rubrum

226 1538 451 1577 transitum
485 1538 754 1585 decantasse3
787 1540 967 1580 eundem
993 1541 1036 1580 in
1062 1541 1231 1580 modum
1261 1537 1547 1579 Israelitarum
1577 1537 1777 1580 mulieres
1803 1540 1856 1581 ad

226 1624 520 1669 tympanorum
554 1625 594 1655 et
626 1614 935 1671 triangulorum
966 1620 1153 1658 sonitum
1183 1617 1359 1659 Saulum
1383 1616 1681 1672 Davidemque
1709 1631 1734 1657 a
1759 1616 1855 1658 Phi-

225 1691 471 1733 listaeorum
505 1694 632 1734 caede
664 1708 858 1735 reversos
889 1697 1074 1736 carmine
1106 1695 1322 1737 celebrant
1347 1697 1428 1749 ⁶¹).
1490 1694 1722 1736 Plurimum
1755 1709 1856 1737 vero

226 1771 445 1825 dignitatis
484 1771 640 1824 lyricae
675 1771 972 1813 Hebraeorum
1013 1775 1131 1828 po'esi
1173 1789 1225 1815 ex
1259 1773 1334 1814 ill-ri
1374 1788 1467 1815 cum
1509 1783 1632 1814 cantu
1674 1773 1854 1829 lusuque

225 1850 386 1889 musico
417 1851 719 1903 conjunctione
744 1851 930 1892 additum
956 1852 1148 1892 Dave‘dae's
1170 1851 1496 1906 Salomonis-que
1527 1859 1743 1906 tempore,
1773 1866 1855 1906 quo

224 1928 333 1966 inter
365 1926 521 1967 cultum
556 1928 744 1967 divinum
778 1930 966 1968 carmina
1005 1943 1124 1970 sacra
1162 1929 1388 1983 magnifico
1420 1943 1541 1983 quam
1576 1927 1851 1982 plurimorum

226 2006 597 2046 instrumentorum
632 2006 888 2045 musicorum
922 2021 1016 2046 cum
1047 2016 1250 2047 concentu
1281 2007 1610 2048 decantabantur
1635 2007 1718 2059 62).

868 2141 905 2189 ς.
947 2139 1208 2180 xxxvm.

336 2240 519 2291 Lyn-icae
551 2246 728 2293 poeseos
766 2240 959 2280 diversae
989 2244 1179 2295 species,
1229 2257 1303 2297 pro
1334 2243 1576 2283 diversitate
1608 2240 1850 2292 affectuum,

223 2318 294 2372 qui
336 2318 597 2370 exprimendi
637 2327 747 2358 sunt.
820 2318 944 2366 Quod
976 2321 1011 2359 si
1046 2321 1136 2374 pios
1168 2322 1210 2361 in
1242 2320 1380 2361 Deum
1413 2334 1562 2360 sensus
1603 2319 1848 2373 profundas,

222 2394 403 2448 hymnus
436 2395 642 2449 prodibit3
685 2399 720 2436 si
752 2397 882 2437 animi
914 2396 1103 2438 dolorem
1139 2413 1327 2452 promas,
1360 2397 1539 2452 elegiam
1572 2396 1768 2445 habebis;
1808 2398 1845 2436 si

222 2482 392 2514 teneros
423 2475 580 2514 amoris
612 2485 775 2525 motus,
810 2490 977 2516 carmen
1012 2478 1238 2526 eroticum,
1271 2487 1347 2518 etc.
1407 2475 1452 2516 ln
1485 2473 1750 2517 l’salmorum
1774 2487 1848 2514 un-

276 2632 350 2681 61)
388 2633 407 2670 l
436 2634 541 2671 Sam.
564 2633 712 2678 xvm,
744 2632 792 2679 6,
824 2635 862 2672 7.

281 2708 353 2760 62)
390 2711 409 2748 l
433 2712 578 2750 Chron.
603 2712 736 2759 XXV3
770 2713 793 2749 2
818 2713 962 2751 Chi-on.
987 2713 1028 2758 V,
1064 2711 1136 2759 12,
1172 2712 1235 2751 13.
