1958 2947
544 135 596 171 De
626 135 768 182 oriqine
797 141 828 171 et
858 135 978 171 causis
1005 135 1149 182 poeseos
1178 130 1370 171 Arabicae.
1713 130 1766 170 43

144 241 290 283 truelis
321 242 527 292 Amata,
577 243 729 283 decimi
773 242 949 283 secundi
988 241 1234 282 Hir-ensium
1276 243 1417 298 regis,
1468 241 1536 296 qui
1576 239 1674 279 inde
1715 239 1767 279 ab

142 335 254 360 anno
285 323 368 361 460
399 335 436 375 p.
456 318 559 360 Chr.
589 333 796 361 summam
826 321 993 373 imperii
1024 321 1170 360 tenuit.
1230 319 1374 373 Hujus
1405 323 1553 373 poetae
1583 330 1768 367 carmen,

144 413 226 454 quo
257 398 489 440 Amadum
519 398 571 438 ad
603 398 818 452 principes
853 396 1145 448 Gassamdas,
1178 395 1291 437 bello
1313 406 1476 452 captos,
1508 393 1769 435 interficien-

143 476 220 517 dos
251 478 419 526 incitat,
451 490 505 517 ex
535 475 763 527 Abulfed&
795 483 835 514 et
865 473 1094 515 Nowairz’o
1125 475 1388 529 depromtum
1416 471 1590 514 exhibet
1620 470 1771 514 Schul-

144 559 309 598 tensius
337 555 380 594 in
411 553 707 595 Mouumeutz‘s
738 552 1048 594 vetustioribus
1077 552 1304 602 Arabiae,
1349 567 1388 606 p.
1413 554 1466 593 57
1484 577 1533 582 —
1555 556 1620 594 59.
1689 552 1771 594 Vir

144 632 306 675 clariss.
350 632 403 672 de
445 630 559 685 Sacy
600 631 740 672 nullus
779 629 942 671 dubitat
981 644 1148 672 carmen
1188 628 1318 671 hocce
1357 630 1410 670 ad
1448 628 1595 695 illum,
1648 632 1771 685 cujus

140 725 294 752 nomen
325 721 424 764 prae
456 723 502 750 se
531 709 636 759 fert,
688 718 902 750 auctorem
945 709 1117 750 referre.
1193 706 1319 756 Quod
1363 708 1401 748 si
1441 708 1499 748 ita
1537 721 1583 748 se
1627 708 1769 760 habet,

142 789 480 844 antiquissimum
528 794 707 843 poeseos
754 785 966 828 Arabicae
1008 788 1222 841 specimen
1271 795 1313 827 et
1361 787 1771 841 praestantissimum

144 866 271 909 simul
300 868 343 907 in
379 880 456 907 suo
495 880 652 921 genere
693 866 949 907 censendum
988 873 1114 906 esset.
1182 862 1377 920 Namque
1407 863 1589 905 libenter
1619 862 1771 906 Schul-

143 950 280 988 tensz'i
320 945 560 986 accedimus
600 947 861 994 sententiae,
912 946 955 985 in
986 943 1100 985 hunc
1129 944 1300 985 modum
1341 944 1393 984 de
1424 945 1610 984 carmine
1640 943 1772 986 hocce

142 1025 365 1066 statuentis
389 1023 479 1077 ⁴6):
524 1021 746 1072 „Carmen
777 1023 908 1064 hocce
938 1023 1089 1063 merito
1117 1023 1161 1062 in
1191 1021 1347 1063 famam
1380 1031 1422 1063 et
1449 1022 1773 1064 admirationem

144 1104 261 1144 venit
290 1100 570 1156 posteritatis3
608 1114 703 1141 nam
738 1100 844 1140 nihil
876 1101 1027 1141 fortius
1055 1099 1128 1140 tali
1157 1101 1326 1155 quidem
1355 1102 1399 1141 in
1431 1103 1560 1141 causa
1591 1102 1771 1156 concipi,

140 1187 212 1221 aut
246 1179 459 1220 enuntiari
492 1186 645 1232 potest.
716 1177 909 1229 Initium,
951 1193 1226 1234 progressus,
1255 1177 1379 1228 finis,
1420 1180 1563 1219 onmia
1593 1180 1654 1220 sic
1685 1180 1773 1220 dis-

145 1258 345 1313 pensata,
393 1257 454 1297 sic
481 1256 568 1295 suis
597 1254 747 1310 figuris
785 1258 964 1307 vestita,
1020 1256 1085 1297 vel
1124 1258 1262 1311 potius
1301 1256 1461 1297 aculeis
1491 1267 1676 1309 armata,
1725 1267 1773 1299 ut

143 1350 225 1376 non
259 1336 471 1391 potuerint
504 1348 586 1374 non
619 1335 815 1376 effectum
845 1338 887 1376 in
914 1337 1057 1375 animo
1086 1336 1197 1389 regis
1218 1337 1373 1376 sortiri.
1436 1335 1542 1377 Cum
1569 1337 1772 1391 dignitate

143 1429 194 1455 ac
224 1415 460 1469 granditate
492 1413 691 1456 omnibus
725 1428 892 1469 quoque
923 1412 1208 1454 locutionibus
1247 1417 1357 1455 inest
1388 1413 1615 1470 singularis
1646 1428 1775 1470 quae-

143 1493 238 1534 dam
271 1493 571 1547 perspicuitas,
625 1494 706 1547 qua
739 1507 886 1533 omnes
927 1493 1006 1532 viri
1045 1506 1195 1532 sensus
1226 1492 1499 1548 adfectusque
1529 1492 1775 1534 relucent.“

145 1570 283 1612 Possit
313 1571 479 1625 quidem
510 1572 600 1625 ipsa
638 1569 743 1610 haec
782 1571 980 1610 carminis
1021 1572 1304 1624 praestantia,
1347 1573 1521 1612 metrica
1551 1580 1773 1625 praeterea

146 1650 337 1702 ejusdem
359 1650 469 1688 ratio
502 1650 584 1700 (est
609 1649 721 1688 enim
744 1648 796 1688 ad
820 1647 935 1702 leges
963 1650 1085 1688 metri
1119 1641 1257 1692 justam-‚³
1289 1648 1603 1702 concinnatum)
1633 1652 1775 1704 suspi-

148 1728 314 1767 cionem
358 1739 555 1775 movere,
604 1740 628 1765 a
660 1728 813 1766 seriori
850 1727 1028 1781 quodam
1067 1727 1195 1780 poeta
1233 1727 1536 1781 compositum,
1587 1734 1628 1766 et
1658 1728 1773 1781 regis

145 1804 333 1846 Aswadz·
369 1802 548 1859 patrueli
587 1803 790 1843 tributum
831 1802 979 1843 fuisse.
1048 1803 1209 1844 Verum
1252 1819 1347 1845 cum
1385 1815 1426 1846 et
1463 1805 1650 1845 carmina
1681 1803 1772 1856 illa,

147 1897 254 1938 quae
294 1882 615 1923 Moallakarum
655 1881 786 1937 vulgo
829 1883 1000 1922 nomine
1037 1883 1350 1937 insigniuntur,
1397 1897 1587 1938 quaeque
1620 1882 1688 1923 vel
1720 1883 1773 1923 ad

146 1959 275 2001 finem
306 1969 508 2015 vergente
539 1959 683 2001 seculo
714 1969 861 2011 sexto,
903 1958 972 2000 vel
1000 1961 1172 2000 ineunte
1203 1962 1385 2016 septimo
1414 1963 1650 2016 composita
1681 1976 1774 2002 esse

148 2048 346 2089 constat,
407 2047 448 2078 et
498 2040 863 2092 praestantissima
909 2040 1027 2088 sint,
1087 2048 1129 2078 et
1168 2040 1354 2080 metricis
1393 2041 1567 2094 insuper
1606 2039 1773 2095 legibus

149 2117 369 2157 adstricta:
401 2115 496 2155 fieri
526 2117 699 2156 omnino
732 2118 884 2170 potuit,
925 2125 970 2157 ut
1003 2125 1170 2157 centum
1196 2118 1319 2158 annis
1351 2125 1468 2167 ante,
1501 2120 1612 2159 circa
1643 2117 1772 2159 finem

151 2191 284 2233 seculi
325 2193 485 2247 quinti,
539 2207 707 2234 carmen
757 2203 948 2235 nostrum
1000 2194 1052 2235 ab
1094 2195 1196 2236 Aba
1235 2196 1388 2237 Adina
1429 2205 1774 2251 componeretur5

150 2272 398 2326 praesertim
439 2286 534 2312 cum
568 2271 804 2321 Himnses,
852 2272 1004 2327 quibus
1044 2274 1142 2315 Abu
1181 2275 1334 2316 Adina
1372 2277 1689 2326 accensendus,
1733 2284 1775 2316 et

151 2350 382 2403 scripturae
413 2363 516 2400 usu,
548 2358 590 2389 et
618 2352 780 2405 ingenii
811 2349 975 2391 cultura
1006 2353 1049 2391 in
1077 2355 1319 2394 universum
1342 2353 1596 2395 Hedschazz'
1612 2352 1774 2394 incolas

151 2436 484 2481 praecurrerent.
543 2426 668 2476 Quod
699 2431 737 2470 si
766 2430 895 2484 igitur
925 2431 1263 2485 antiquissimum
1296 2431 1427 2473 hocce
1458 2439 1638 2487 poeseos
1668 2433 1774 2472 Ara-

153 2505 272 2546 bicae
304 2507 517 2559 specimen
549 2506 599 2545 ad
627 2505 755 2547 finem
787 2516 988 2562 vergente
1019 2507 1162 2549 seculo
1195 2511 1340 2564 quinto
1373 2511 1647 2564 compositum
1679 2509 1772 2561 fuit,

209 2672 282 2724 46)
313 2675 550 2714 Monument.
583 2680 725 2714 vetust.
756 2678 873 2717 Arab.
905 2694 942 2730 p.
969 2677 1036 2716 61.
