1968 3095
193 169 247 209 56
802 171 896 208 Pars
925 171 956 208 Ι.
1019 169 1111 218 Cap.
1141 168 1215 205 111.

195 287 285 330 est,
318 287 364 320 ut
388 287 612 332 utrumque
644 287 938 333 argumentum
972 287 1014 318 et
1043 278 1094 318 ad
1128 278 1274 332 poesin
1306 279 1528 326 transiret3
1561 291 1690 332 quare
1722 276 1833 318 haud

199 359 376 399 minima
414 370 510 412 pars
552 357 837 410 antiquiorum
880 360 1115 398 carminum
1147 355 1427 397 Arabicorum
1466 354 1534 396 vel
1571 354 1837 411 singulorum

198 437 385 476 virorum
418 433 757 489 praeclarorum,
796 434 864 475 vel
896 438 1120 476 universae
1153 433 1334 488 alicujus
1364 435 1501 475 tribus
1534 433 1684 475 laudes
1715 447 1839 489 prae-

198 514 322 555 dicat.
393 513 459 554 Ex
485 512 572 554 illis
597 513 911 554 narrationibus
941 523 982 554 et
1007 512 1198 563 fabulae,
1247 527 1351 568 quas
1380 513 1671 554 Romanenses·
1712 511 1838 568 vulgo

199 592 369 641 dicunt,
421 593 630 646 originem
671 593 868 640 traxere3
927 607 1030 648 quas
1071 591 1411 647 elegantissimas
1449 590 1616 632 Arabes
1666 590 1841 642 habent,

205 671 317 725 quod
370 683 471 710 vero
521 676 702 724 poeseos
750 685 885 724 genus
933 670 1042 725 apud
1085 670 1307 711 Hebraeos
1353 670 1633 710 desideratur.
1708 669 1846 711 Fuere

203 749 370 804 quidem
394 778 406 799 ,
453 750 523 803 qui
556 759 595 789 et
628 748 756 803 hujus
788 750 958 804 generis
999 754 1195 804 poemata
1232 751 1344 788 inter
1375 747 1550 789 Veteris
1582 747 1848 790 Testamenti

199 826 334 868 libros
358 825 674 881 deprehendere
698 826 779 868 sibi
802 828 1070 875 viderentur3
1103 828 1239 878 fuere,
1271 828 1340 882 qui
1370 827 1544 868 Ruthae
1567 836 1608 867 et
1626 826 1847 869 Estherae

208 905 363 946 librum
406 906 448 945 in
489 904 728 946 fabularum
767 905 1103 947 Romanensium
1139 920 1361 946 numerum
1393 905 1624 952 referrent3
1671 914 1713 945 at
1745 918 1845 945 vero
1888 935 1890 938 -

203 993 376 1039 uterque
399 982 523 1032 liber,
555 985 680 1024 sicuti
710 984 889 1026 inferius
915 985 1289 1034 demonstrabitur,
1321 984 1537 1027 historicis
1560 985 1700 1040 potius
1719 982 1842 1025 libris

206 1062 564 1103 adnumerandus.

882 1200 920 1248 §-
963 1197 1164 1239 xxvu.

326 1296 440 1338 Inter
472 1311 642 1347 causas,
685 1297 837 1353 quibus
872 1299 984 1354 apud
1016 1298 1242 1340 Hebraeos
1272 1297 1520 1354 Arabesque
1551 1304 1729 1353 poeseos
1759 1304 1847 1338 stu-

207 1377 323 1418 dium
366 1385 409 1415 et
448 1378 677 1416 excitatum
721 1386 763 1416 et
803 1386 1042 1432 promotum
1081 1377 1188 1428 fuit,
1241 1385 1284 1418 et
1325 1377 1621 1433 prophetarum
1661 1374 1849 1427 scholas,

208 1452 425 1495 Samuelis
456 1453 666 1495 beneficio
697 1456 808 1510 apud
842 1455 1066 1496 Hebraeos
1097 1457 1313 1497 institutas
1336 1486 1348 1507 ‚
1389 1466 1430 1497 et
1455 1466 1688 1497 conventus
1728 1453 1849 1496 Oka-

204 1533 415 1581 dhenses,
443 1533 495 1573 ab
523 1533 738 1574 Arabibus
774 1533 1033 1584 celebratos,
1070 1535 1371 1577 recensuimus.
1432 1534 1638 1584 Quamvis
1667 1543 1846 1589 utroque

207 1612 282 1653 illo
315 1614 506 1653 instituto
541 1620 719 1667 poi²seos
760 1614 943 1653 studium
987 1613 1095 1667 apud
1131 1613 1354 1654 Hebraeos
1385 1613 1634 1669 Arabesque
1674 1614 1847 1668 egregie

209 1701 447 1746 promotum
489 1691 641 1742 fuerit,
694 1701 834 1732 tamen
876 1693 1043 1732 diversa
1078 1706 1224 1732 rursus
1257 1695 1475 1747 utriusque
1504 1692 1687 1733 instituti
1719 1695 1843 1736 ratio.

209 1769 255 1810 ln
289 1769 588 1825 prophetarum
621 1769 779 1810 scholis
811 1785 861 1810 ea
886 1773 1071 1812 maxime
1104 1770 1404 1821 tradebantur,
1437 1784 1544 1826 quae
1575 1772 1627 1812 ad
1661 1773 1846 1814 numinis

210 1849 345 1888 divini
374 1846 546 1897 cultum,
579 1863 826 1902 morumque
852 1851 1164 1889 institutionem
1192 1852 1472 1904 pertinerent3
1510 1863 1638 1903 quare
1659 1860 1699 1891 et
1722 1865 1847 1893 omne

210 1932 391 1980 poeseos
422 1925 628 1975 studium,
661 1927 726 1964 cui
759 1925 998 1966 scholarum
1032 1925 1199 1966 illarum
1232 1925 1393 1966 alumni
1425 1926 1744 1976 incumbebant,
1778 1927 1846 1969 vel

209 2003 261 2042 ad
295 2017 362 2042 res
397 2003 590 2052 divinas,
646 2001 709 2041 vel
752 2004 803 2043 ad
847 2018 1009 2044 morum
1053 2005 1289 2044 doctrinam
1334 2004 1613 2047 referebatur.
1687 2004 1848 2049 Contra

211 2094 303 2121 cum
337 2082 378 2120 in
413 2079 747 2121 Okadbensibus
784 2080 869 2121 illis
907 2084 1185 2123 conventibus
1216 2084 1406 2125 Arabum
1442 2090 1594 2138 poetae
1626 2095 1846 2126 concerta-

211 2168 329 2207 rent,
361 2173 432 2198 eas
459 2160 719 2212 potissimum
750 2173 815 2198 res
838 2161 1095 2201 carminibus
1126 2164 1215 2202 suis
1248 2162 1544 2213 celebrabant,
1577 2177 1680 2217 quas
1712 2178 1847 2219 popu-

212 2236 375 2276 laribus
422 2238 509 2276 suis
552 2239 866 2291 acceptissimas
899 2252 991 2278 esse
1034 2242 1206 2280 scirent.
1269 2239 1374 2280 Cum
1412 2243 1500 2294 jam
1540 2243 1649 2295 apud
1689 2245 1849 2296 priscos

212 2310 309 2351 illos
347 2312 513 2352 Arabes
559 2317 626 2354 vix
671 2316 896 2370 quidquam
940 2320 1042 2356 tanti
1087 2321 1405 2368 aestimaretur,
1455 2321 1598 2373 quanti
1640 2321 1845 2362 fortitudo

213 2389 365 2430 bellica
398 2400 437 2429 et
469 2390 762 2446 hospitalitas,
807 2396 848 2434 iu
883 2394 948 2436 bis
977 2399 1161 2437 maxime
1195 2397 1418 2437 virtutibus
1451 2395 1716 2438 celebrandis
1750 2403 1847 2453 po'e-

213 2478 278 2509 tae
316 2469 483 2510 Olcmlln‘
513 2481 805 2512 concertantes
838 2474 1117 2515 desudabant.

326 2547 450 2596 Quod
484 2549 518 2588 si
546 2562 617 2599 ea,
653 2563 758 2602 (piae
791 2549 995 2591 hactenus
1026 2554 1076 2592 dc
1110 2559 1290 2608 poeseos
1318 2552 1557 2594 Ilebraicae
1589 2558 1714 2608 atque
1736 2553 1846 2596 Ara-

214 2624 331 2664 bicae
364 2627 502 2666 causis
532 2627 740 2681 disputata
773 2637 885 2678 sunt,
919 2629 1111 2684 colligas,
1143 2631 1450 2686 deprehendes,
1483 2631 1592 2686 apud
1621 2630 1846 2673 Hebraeos

213 2703 354 2741 onmia
383 2703 472 2744 sere
504 2718 554 2744 eo
585 2714 828 2759 spectasse,
862 2715 904 2747 ut
937 2710 1081 2762 po'csin
1115 2708 1166 2748 ad
1200 2723 1267 2749 res
1299 2724 1442 2752 sacras
1473 2710 1722 2766 divinasque
1746 2711 1847 2752 diri-
