1958 2947
284 144 335 180 De
365 150 579 192 aryumento
610 143 835 190 diversisque
864 143 1056 191 yeneribus
1085 142 1292 179 carminum
1321 138 1578 178 Arabicarum.
1694 142 1740 179 81

807 253 844 302 ξ.
886 250 1053 293 XLIV.

234 342 400 384 Primus
427 339 546 382 locus
577 337 663 380 illis
695 339 896 381 tribuitur
926 339 1209 390 carminibus,
1240 353 1348 394 quae
1376 340 1419 380 in
1443 339 1747 394 praedicanda

108 420 389 472 fortitudine
429 418 586 460 bellica
624 424 861 457 versantur.
936 416 1086 472 Neque
1126 419 1337 457 immerito
1376 417 1476 458 huie
1515 419 1749 459 carminum

117 500 266 553 generi
300 499 458 553 primae
497 497 774 551 adsignantur
815 502 985 549 partes,
1029 495 1235 548 siquidem
1268 496 1527 550 antiquiores
1557 496 1748 537 Arabum

115 581 268 630 poetae
297 573 413 616 nulla
446 575 583 628 magis
613 587 659 614 re
690 571 976 622 delectantur,
1009 586 1132 627 quam
1164 572 1454 613 describendis
1485 576 1662 629 pugnis,
1706 582 1748 614 et

119 653 338 694 efferenda
368 655 521 693 virtute
553 650 724 692 bellica.
783 649 1064 692 Notissimum
1097 658 1183 699 est,
1228 649 1417 691 Arabum
1449 661 1619 706 gentem
1649 653 1749 693 inde

120 730 174 771 ab
205 733 510 786 antiquissimis
540 729 801 785 temporibus
831 730 873 770 in
905 726 1050 783 plures
1077 726 1212 768 tribus
1244 729 1423 769 divisam
1455 729 1604 780 fuisse,
1640 744 1748 784 quae

120 811 292 850 nonnisi
323 811 411 850 suis
443 807 713 863 proceribus,
747 821 853 861 quos
884 805 1118 847 Scheiclaos
1139 806 1395 860 Emz'rosque
1419 807 1586 858 dicunt,
1622 822 1750 862 pare-

117 895 232 937 rent,
265 897 306 928 et
328 886 566 928 libertatem
590 887 857 940 nominisque
889 883 1069 939 gloriam
1101 885 1186 924 vita
1219 887 1426 939 potiorem
1457 886 1746 927 aestimarent.

116 961 233 1004 Inter
264 964 397 1006 tribus
429 964 525 1005 illas
556 965 754 1006 continua
781 963 847 1004 vel
871 962 1033 1011 laudis,
1069 960 1138 1001 vel
1165 964 1311 1015 jurum
1342 962 1564 1004 obtinebat
1601 978 1747 1005 aemu-

117 1038 248 1093 lati03
309 1044 422 1084 unde
462 1043 722 1084 creberrima
764 1041 939 1082 dissidia
983 1037 1177 1094 bellaque
1219 1049 1383 1080 exorta.
1463 1039 1584 1081 Haec
1635 1041 1745 1083 bella

115 1117 371 1161 uberrimam
414 1123 550 1176 poetis
590 1121 822 1161 carminum
863 1118 1247 1170 componendorum
1281 1119 1499 1158 materiam
1532 1119 1747 1161 ministra-

116 1195 244 1245 bant3
293 1201 478 1239 maxime
515 1198 587 1238 ubi
626 1203 777 1252 poetae
809 1196 914 1249 ipsi,
962 1196 1073 1250 quod
1104 1196 1354 1248 saepissime
1385 1196 1548 1245 evenit,
1592 1200 1746 1252 pugnis

118 1275 434 1325 interfuissent,
466 1283 694 1330 partaeque
725 1274 927 1314 victoriae
959 1270 1142 1325 aliquam
1174 1281 1336 1326 partem
1361 1271 1443 1312 sibi
1467 1273 1743 1318 vindicarent.

117 1349 311 1406 Namque
336 1353 459 1407 quod
500 1353 671 1406 antiqua
703 1350 883 1392 Graecia
915 1350 966 1389 de
1003 1349 1189 1402 Tyrtaeo
1219 1363 1295 1389 suo
1325 1348 1622 1406 Aeschyloque
1654 1368 1746 1395 me-

118 1431 279 1469 moriae
310 1431 515 1485 prodidit,
566 1440 788 1484 utrumque
820 1438 862 1469 et
891 1429 1054 1469 strenui
1086 1426 1304 1467 bellatoris
1335 1435 1375 1466 et
1406 1430 1566 1482 egregii
1597 1437 1744 1484 poetae

117 1516 258 1561 partes
286 1511 560 1560 sustinuisse,
591 1509 634 1548 id
667 1510 814 1548 eodem
843 1508 940 1560 jure
971 1507 1023 1547 de
1048 1506 1250 1554 Auzara,
1288 1504 1480 1556 Tarofa,
1519 1505 1746 1551 Taabbata

117 1583 340 1627 Sohar-ran
370 1586 548 1640 aliisque
578 1585 768 1627 Arabum
802 1588 938 1640 poetis
967 1584 1291 1638 praedicaveris.
1352 1582 1511 1634 Iidem,
1540 1593 1585 1624 ut
1613 1586 1743 1629 ,Τοπε-

116 1668 178 1704 sii
204 1672 369 1704 utamur
400 1665 565 1714 verbis,
599 1666 669 1718 qui
701 1665 919 1704 victoriam
951 1669 1294 1716 reportaverant,
1325 1669 1366 1700 et
1396 1654 1596 1702 victoriae
1625 1679 1742 1717 prae-

117 1756 245 1782 cones
276 1750 419 1792 erant,
458 1751 638 1798 quotque
668 1743 711 1782 in
743 1739 856 1782 bello
888 1739 1067 1789 heroes,
1115 1747 1174 1778 tot
1206 1752 1339 1793 paene
1378 1743 1527 1793 poetae
1557 1740 1740 1783 admira-

118 1819 224 1861 biles
251 1821 502 1861 exstiterunt
537 1822 620 1874 ⁷¹).

820 1936 856 1984 ς.
892 1930 1036 1973 XLV.

232 2033 355 2084 Quod
382 2037 472 2089 jam
504 2036 556 2076 ad
586 2033 763 2076 heroica
793 2033 868 2075 illa
897 2034 1054 2074 adtinet
1084 2036 1304 2081 carmina,
1354 2033 1436 2072 tria
1475 2034 1740 2086 potissimum

123 2122 247 2161 sunt,
281 2127 386 2167 quae
414 2127 515 2167 prae
546 2115 697 2153 ceteris
727 2115 767 2152 in
801 2111 885 2152 illis
917 2110 1204 2152 celebrantur:
1236 2111 1325 2164 ipse
1357 2124 1506 2164 nempe
1537 2110 1642 2152 bella·
1668 2112 1740 2154 he-

121 2205 214 2240 ros,
242 2191 419 2246 gladius
441 2204 653 2245 equusque
684 2189 872 2230 bellicus.
928 2188 1116 2229 Arabum
1151 2188 1301 2229 heroes
1331 2187 1521 2243 vigilias,
1553 2191 1738 2231 inediam

119 2269 477 2323 gravissimosque
506 2270 760 2309 inconcusso
790 2269 930 2307 animo
961 2265 1141 2307 tolerant
1171 2264 1365 2316 labores,
1416 2274 1558 2307 vastas
1591 2282 1739 2321 perva-

120 2354 272 2399 gantur
301 2344 582 2396 solitudines,
632 2348 758 2401 inque
786 2346 970 2386 ferarum
1001 2343 1146 2385 lustris
1184 2352 1456 2398 pernoctant,
1505 2352 1552 2384 ut
1589 2359 1738 2399 corpus

121 2424 390 2477 animumque
422 2423 473 2463 ad
506 2423 606 2464 belli
637 2425 848 2479 negotium
880 2424 1104 2478 indurent,
1136 2421 1203 2462 vel
1234 2421 1375 2463 illatos
1403 2422 1485 2463 sibi
1517 2421 1569 2462 ab
1601 2422 1736 2462 hosti-

178 2602 252 2653 71)
292 2604 469 2641 poeseos
496 2603 701 2643 Asiaticae
732 2605 993 2644 Commentar.
1032 2619 1068 2655 p.
1096 2603 1200 2648 231,
1249 2601 1434 2642 editionis
1466 2600 1514 2639 ab
1546 2599 1736 2639 Eichhor-

234 2670 297 2707 nio
331 2671 564 2708 adornatae.

1376 2747 1402 2783 6
