<?xml version="1.0" encoding="UTF-8"?>
<!DOCTYPE html PUBLIC "-//W3C//DTD XHTML 1.0 Transitional//EN"
    "http://www.w3.org/TR/xhtml1/DTD/xhtml1-transitional.dtd">
<html xmlns="http://www.w3.org/1999/xhtml" xml:lang="en" lang="en">
 <head>
  <title>
</title>
<meta http-equiv="Content-Type" content="text/html;charset=utf-8" />
  <meta name='ocr-system' content='tesseract 3.04.00' />
  <meta name='ocr-capabilities' content='ocr_page ocr_carea ocr_par ocr_line ocrx_word'/>
</head>
<body>
  <div class='ocr_page' id='page_1' title='image "./depoeseoshebraic00wenruoft_0096.png"; bbox 0 0 1968 3095; ppageno 0'>
   <div class='ocr_carea' id='block_1_1' title="bbox 203 204 1239 253">
    <p class='ocr_par' dir='ltr' id='par_1_1' title="bbox 203 204 1239 253">
     <span class='ocr_line' id='line_1_1' title="bbox 203 204 1239 253; baseline -0.003 -9"><span class='ocrx_word' id='word_1_1' title='bbox 203 207 257 244; x_wconf 79' lang='lat'>84</span> <span class='ocrx_word' id='word_1_2' title='bbox 823 206 917 243; x_wconf 77' lang='lat' dir='ltr'>Pars</span> <span class='ocrx_word' id='word_1_3' title='bbox 947 205 1002 243; x_wconf 86' lang='grc' dir='ltr'>ΙΙ.</span> <span class='ocrx_word' id='word_1_4' title='bbox 1064 204 1157 253; x_wconf 80' lang='lat' dir='ltr'>Cap.</span> <span class='ocrx_word' id='word_1_5' title='bbox 1187 204 1239 241; x_wconf 89' lang='lat'>11.</span> 
     </span>
    </p>
   </div>
   <div class='ocr_carea' id='block_1_2' title="bbox 190 312 1876 1858">
    <p class='ocr_par' dir='ltr' id='par_1_2' title="bbox 190 312 1876 1858">
     <span class='ocr_line' id='line_1_2' title="bbox 194 312 1876 370; baseline -0.001 -14"><span class='ocrx_word' id='word_1_6' title='bbox 194 318 394 358; x_wconf 90' lang='lat' dir='ltr'>virtutum</span> <span class='ocrx_word' id='word_1_7' title='bbox 426 313 669 370; x_wconf 84' lang='lat' dir='ltr'>exemplar,</span> <span class='ocrx_word' id='word_1_8' title='bbox 707 314 930 369; x_wconf 88' lang='lat' dir='ltr'>omnisque</span> <span class='ocrx_word' id='word_1_9' title='bbox 958 312 1244 355; x_wconf 79' lang='lat' dir='ltr'>excellentiae</span> <span class='ocrx_word' id='word_1_10' title='bbox 1273 315 1392 370; x_wconf 83' lang='lat' dir='ltr'>quasi</span> <span class='ocrx_word' id='word_1_11' title='bbox 1421 312 1510 363; x_wconf 82' lang='lat' dir='ltr'>sol3</span> <span class='ocrx_word' id='word_1_12' title='bbox 1548 313 1701 369; x_wconf 80' lang='lat' dir='ltr'>reliqui</span> <span class='ocrx_word' id='word_1_13' title='bbox 1732 329 1831 370; x_wconf 85' lang='lat' dir='ltr'>pro·</span> <span class='ocrx_word' id='word_1_14' title='bbox 1869 350 1876 354; x_wconf 68' lang='grc'>,</span> 
     </span>
     <span class='ocr_line' id='line_1_3' title="bbox 190 390 1831 450; baseline -0.001 -14"><span class='ocrx_word' id='word_1_15' title='bbox 190 395 344 450; x_wconf 89' lang='lat' dir='ltr'>phetae</span> <span class='ocrx_word' id='word_1_16' title='bbox 375 390 549 442; x_wconf 88' lang='lat' dir='ltr'>stellae,</span> <span class='ocrx_word' id='word_1_17' title='bbox 597 405 706 448; x_wconf 90' lang='lat' dir='ltr'>quae</span> <span class='ocrx_word' id='word_1_18' title='bbox 738 393 912 433; x_wconf 90' lang='lat' dir='ltr'>nonnisi</span> <span class='ocrx_word' id='word_1_19' title='bbox 941 391 1057 434; x_wconf 87' lang='lat' dir='ltr'>illius</span> <span class='ocrx_word' id='word_1_20' title='bbox 1092 392 1234 434; x_wconf 91' lang='lat' dir='ltr'>lumen</span> <span class='ocrx_word' id='word_1_21' title='bbox 1267 392 1511 434; x_wconf 90' lang='lat' dir='ltr'>hominibus</span> <span class='ocrx_word' id='word_1_22' title='bbox 1545 394 1589 433; x_wconf 90' lang='lat' dir='ltr'>in</span> <span class='ocrx_word' id='word_1_23' title='bbox 1627 394 1831 448; x_wconf 85' lang='lat' dir='ltr'>ignoran-</span> 
     </span>
     <span class='ocr_line' id='line_1_4' title="bbox 193 469 1832 528; baseline -0.001 -14"><span class='ocrx_word' id='word_1_24' title='bbox 193 475 279 514; x_wconf 82' lang='lat' dir='ltr'>tiae</span> <span class='ocrx_word' id='word_1_25' title='bbox 303 470 491 513; x_wconf 89' lang='lat' dir='ltr'>tenebris</span> <span class='ocrx_word' id='word_1_26' title='bbox 517 469 786 512; x_wconf 86' lang='lat' dir='ltr'>versantibus</span> <span class='ocrx_word' id='word_1_27' title='bbox 812 473 1006 513; x_wconf 88' lang='lat' dir='ltr'>reddunt.</span> <span class='ocrx_word' id='word_1_28' title='bbox 1064 471 1285 528; x_wconf 87' lang='lat' dir='ltr'>Fatigatur</span> <span class='ocrx_word' id='word_1_29' title='bbox 1316 485 1436 512; x_wconf 90' lang='lat' dir='ltr'>mens</span> <span class='ocrx_word' id='word_1_30' title='bbox 1467 470 1653 512; x_wconf 89' lang='lat' dir='ltr'>humana</span> <span class='ocrx_word' id='word_1_31' title='bbox 1674 483 1832 527; x_wconf 87' lang='lat' dir='ltr'>cogno-</span> 
     </span>
     <span class='ocr_line' id='line_1_5' title="bbox 193 547 1832 605; baseline -0.001 -13"><span class='ocrx_word' id='word_1_32' title='bbox 193 551 362 593; x_wconf 88' lang='lat' dir='ltr'>scendis</span> <span class='ocrx_word' id='word_1_33' title='bbox 402 551 497 603; x_wconf 86' lang='lat' dir='ltr'>ejus</span> <span class='ocrx_word' id='word_1_34' title='bbox 537 547 790 598; x_wconf 87' lang='lat' dir='ltr'>virtutibus,</span> <span class='ocrx_word' id='word_1_35' title='bbox 833 563 1016 604; x_wconf 86' lang='lat' dir='ltr'>namque</span> <span class='ocrx_word' id='word_1_36' title='bbox 1056 552 1290 592; x_wconf 84' lang='lat' dir='ltr'>immensae</span> <span class='ocrx_word' id='word_1_37' title='bbox 1328 560 1447 598; x_wconf 83' lang='lat' dir='ltr'>sunt3</span> <span class='ocrx_word' id='word_1_38' title='bbox 1498 552 1738 605; x_wconf 84' lang='lat' dir='ltr'>quicunque</span> <span class='ocrx_word' id='word_1_39' title='bbox 1766 548 1832 590; x_wconf 90' lang='lat' dir='ltr'>illi</span> 
     </span>
     <span class='ocr_line' id='line_1_6' title="bbox 193 628 1833 682; baseline -0.001 -11"><span class='ocrx_word' id='word_1_40' title='bbox 193 629 447 678; x_wconf 83' lang='lat' dir='ltr'>inhaerent,</span> <span class='ocrx_word' id='word_1_41' title='bbox 491 628 591 668; x_wconf 88' lang='lat' dir='ltr'>fune</span> <span class='ocrx_word' id='word_1_42' title='bbox 619 629 757 682; x_wconf 87' lang='lat' dir='ltr'>rumpi</span> <span class='ocrx_word' id='word_1_43' title='bbox 788 630 932 669; x_wconf 89' lang='lat' dir='ltr'>nescio</span> <span class='ocrx_word' id='word_1_44' title='bbox 963 637 1173 669; x_wconf 89' lang='lat' dir='ltr'>tenentur.</span> <span class='ocrx_word' id='word_1_45' title='bbox 1234 628 1372 670; x_wconf 87' lang='lat' dir='ltr'>Sicuti</span> <span class='ocrx_word' id='word_1_46' title='bbox 1402 628 1470 670; x_wconf 92' lang='lat' dir='ltr'>leo</span> <span class='ocrx_word' id='word_1_47' title='bbox 1503 643 1700 682; x_wconf 78' lang='lat' dir='ltr'>seymnos</span> <span class='ocrx_word' id='word_1_48' title='bbox 1732 641 1833 670; x_wconf 84' lang='lat' dir='ltr'>suos</span> 
     </span>
     <span class='ocr_line' id='line_1_7' title="bbox 197 706 1830 762; baseline -0.001 -13"><span class='ocrx_word' id='word_1_49' title='bbox 197 711 240 749; x_wconf 93' lang='lat' dir='ltr'>in</span> <span class='ocrx_word' id='word_1_50' title='bbox 280 706 460 748; x_wconf 90' lang='lat' dir='ltr'>saltibus</span> <span class='ocrx_word' id='word_1_51' title='bbox 503 711 694 756; x_wconf 89' lang='lat' dir='ltr'>tutatur,</span> <span class='ocrx_word' id='word_1_52' title='bbox 742 707 802 746; x_wconf 89' lang='lat' dir='ltr'>ita</span> <span class='ocrx_word' id='word_1_53' title='bbox 841 706 1118 748; x_wconf 68' lang='lat' dir='ltr'>lllohammed</span> <span class='ocrx_word' id='word_1_54' title='bbox 1161 706 1401 761; x_wconf 84' lang='lat' dir='ltr'>religione,</span> <span class='ocrx_word' id='word_1_55' title='bbox 1452 721 1576 762; x_wconf 88' lang='lat' dir='ltr'>quam</span> <span class='ocrx_word' id='word_1_56' title='bbox 1627 707 1830 757; x_wconf 81' lang='lat' dir='ltr'>condidit,</span> 
     </span>
     <span class='ocr_line' id='line_1_8' title="bbox 194 782 1832 840; baseline -0.002 -12"><span class='ocrx_word' id='word_1_57' title='bbox 194 795 427 828; x_wconf 76' lang='lat' dir='ltr'>sectatores</span> <span class='ocrx_word' id='word_1_58' title='bbox 458 798 561 825; x_wconf 89' lang='lat' dir='ltr'>suos</span> <span class='ocrx_word' id='word_1_59' title='bbox 591 794 705 825; x_wconf 91' lang='lat' dir='ltr'>tutos</span> <span class='ocrx_word' id='word_1_60' title='bbox 736 782 962 840; x_wconf 88' lang='lat' dir='ltr'>salvosque</span> <span class='ocrx_word' id='word_1_61' title='bbox 993 786 1143 826; x_wconf 88' lang='lat' dir='ltr'>reddit.</span> <span class='ocrx_word' id='word_1_62' title='bbox 1215 784 1336 826; x_wconf 79' lang='lat' dir='ltr'>Nulli</span> <span class='ocrx_word' id='word_1_63' title='bbox 1367 786 1519 827; x_wconf 86' lang='lat' dir='ltr'>odores</span> <span class='ocrx_word' id='word_1_64' title='bbox 1548 785 1664 826; x_wconf 89' lang='lat' dir='ltr'>illius</span> <span class='ocrx_word' id='word_1_65' title='bbox 1693 794 1832 826; x_wconf 87' lang='lat' dir='ltr'>terrae</span> 
     </span>
     <span class='ocr_line' id='line_1_9' title="bbox 196 858 1833 919; baseline -0.001 -13"><span class='ocrx_word' id='word_1_66' title='bbox 196 864 374 905; x_wconf 86' lang='lat' dir='ltr'>halitum</span> <span class='ocrx_word' id='word_1_67' title='bbox 407 871 615 917; x_wconf 90' lang='lat' dir='ltr'>aequant,</span> <span class='ocrx_word' id='word_1_68' title='bbox 670 877 777 918; x_wconf 86' lang='lat' dir='ltr'>quae</span> <span class='ocrx_word' id='word_1_69' title='bbox 808 864 943 904; x_wconf 91' lang='lat' dir='ltr'>divini</span> <span class='ocrx_word' id='word_1_70' title='bbox 974 862 1104 919; x_wconf 87' lang='lat' dir='ltr'>legati</span> <span class='ocrx_word' id='word_1_71' title='bbox 1135 878 1233 906; x_wconf 87' lang='lat' dir='ltr'>ossa</span> <span class='ocrx_word' id='word_1_72' title='bbox 1262 858 1446 919; x_wconf 82' lang='lat' dir='ltr'>recepit3</span> <span class='ocrx_word' id='word_1_73' title='bbox 1498 863 1632 912; x_wconf 89' lang='lat' dir='ltr'>beati,</span> <span class='ocrx_word' id='word_1_74' title='bbox 1679 862 1833 918; x_wconf 88' lang='lat' dir='ltr'>quibus</span> 
     </span>
     <span class='ocr_line' id='line_1_10' title="bbox 195 939 1829 998; baseline -0.001 -14"><span class='ocrx_word' id='word_1_75' title='bbox 195 943 372 997; x_wconf 89' lang='lat' dir='ltr'>contigit</span> <span class='ocrx_word' id='word_1_76' title='bbox 414 939 590 981; x_wconf 88' lang='lat' dir='ltr'>halitum</span> <span class='ocrx_word' id='word_1_77' title='bbox 631 939 749 981; x_wconf 92' lang='lat' dir='ltr'>illum</span> <span class='ocrx_word' id='word_1_78' title='bbox 786 940 985 992; x_wconf 85' lang='lat' dir='ltr'>haurire,</span> <span class='ocrx_word' id='word_1_79' title='bbox 1039 952 1280 998; x_wconf 87' lang='lat' dir='ltr'>terramque</span> <span class='ocrx_word' id='word_1_80' title='bbox 1321 941 1439 983; x_wconf 89' lang='lat' dir='ltr'>illam</span> <span class='ocrx_word' id='word_1_81' title='bbox 1488 940 1743 983; x_wconf 90' lang='lat' dir='ltr'>deosculari.</span> <span class='ocrx_word' id='word_1_82' title='bbox 1777 966 1829 972; x_wconf 93' lang='lat'>—</span> 
     </span>
     <span class='ocr_line' id='line_1_11' title="bbox 195 1018 1832 1075; baseline -0.002 -12"><span class='ocrx_word' id='word_1_83' title='bbox 195 1019 284 1063; x_wconf 86' lang='lat' dir='ltr'>Ubi</span> <span class='ocrx_word' id='word_1_84' title='bbox 323 1020 556 1075; x_wconf 84' lang='lat' dir='ltr'>principum</span> <span class='ocrx_word' id='word_1_85' title='bbox 589 1018 850 1074; x_wconf 91' lang='lat' dir='ltr'>heroumque</span> <span class='ocrx_word' id='word_1_86' title='bbox 881 1018 1028 1062; x_wconf 85' lang='lat' dir='ltr'>laudes</span> <span class='ocrx_word' id='word_1_87' title='bbox 1069 1021 1376 1075; x_wconf 83' lang='lat' dir='ltr'>praedicandae</span> <span class='ocrx_word' id='word_1_88' title='bbox 1406 1029 1532 1070; x_wconf 89' lang='lat' dir='ltr'>sunt,</span> <span class='ocrx_word' id='word_1_89' title='bbox 1582 1021 1832 1075; x_wconf 86' lang='lat' dir='ltr'>praeprimis</span> 
     </span>
     <span class='ocr_line' id='line_1_12' title="bbox 194 1096 1832 1139; baseline -0.001 0"><span class='ocrx_word' id='word_1_90' title='bbox 194 1097 430 1139; x_wconf 88' lang='lat' dir='ltr'>liberalitas</span> <span class='ocrx_word' id='word_1_91' title='bbox 463 1111 610 1137; x_wconf 90' lang='lat' dir='ltr'>eorum</span> <span class='ocrx_word' id='word_1_92' title='bbox 645 1105 686 1136; x_wconf 91' lang='lat' dir='ltr'>et</span> <span class='ocrx_word' id='word_1_93' title='bbox 714 1097 916 1139; x_wconf 83' lang='lat' dir='ltr'>fortitudo</span> <span class='ocrx_word' id='word_1_94' title='bbox 947 1097 1101 1139; x_wconf 91' lang='lat' dir='ltr'>bellica</span> <span class='ocrx_word' id='word_1_95' title='bbox 1130 1096 1414 1138; x_wconf 87' lang='lat' dir='ltr'>celebrantur.</span> <span class='ocrx_word' id='word_1_96' title='bbox 1482 1096 1550 1138; x_wconf 91' lang='lat' dir='ltr'>De</span> <span class='ocrx_word' id='word_1_97' title='bbox 1580 1098 1832 1139; x_wconf 89' lang='lat' dir='ltr'>fortitudine</span> 
     </span>
     <span class='ocr_line' id='line_1_13' title="bbox 193 1173 1831 1231; baseline -0.001 -14"><span class='ocrx_word' id='word_1_98' title='bbox 193 1176 352 1218; x_wconf 71' lang='lat' dir='ltr'>bellica</span> <span class='ocrx_word' id='word_1_99' title='bbox 388 1177 479 1229; x_wconf 88' lang='lat' dir='ltr'>jam</span> <span class='ocrx_word' id='word_1_100' title='bbox 517 1178 710 1230; x_wconf 87' lang='lat' dir='ltr'>superius</span> <span class='ocrx_word' id='word_1_101' title='bbox 750 1186 890 1217; x_wconf 89' lang='lat' dir='ltr'>actum</span> <span class='ocrx_word' id='word_1_102' title='bbox 926 1177 1032 1224; x_wconf 83' lang='lat' dir='ltr'>fuit3</span> <span class='ocrx_word' id='word_1_103' title='bbox 1083 1178 1194 1231; x_wconf 92' lang='lat' dir='ltr'>quod</span> <span class='ocrx_word' id='word_1_104' title='bbox 1233 1178 1285 1217; x_wconf 89' lang='lat' dir='ltr'>ad</span> <span class='ocrx_word' id='word_1_105' title='bbox 1324 1173 1627 1218; x_wconf 84' lang='lat' dir='ltr'>liberalitatem</span> <span class='ocrx_word' id='word_1_106' title='bbox 1667 1177 1831 1226; x_wconf 90' lang='lat' dir='ltr'>attinet,</span> 
     </span>
     <span class='ocr_line' id='line_1_14' title="bbox 196 1253 1831 1309; baseline -0.001 -13"><span class='ocrx_word' id='word_1_107' title='bbox 196 1270 247 1296; x_wconf 89' lang='lat' dir='ltr'>ea</span> <span class='ocrx_word' id='word_1_108' title='bbox 291 1253 434 1295; x_wconf 88' lang='lat' dir='ltr'>multis</span> <span class='ocrx_word' id='word_1_109' title='bbox 475 1255 614 1294; x_wconf 89' lang='lat' dir='ltr'>modis</span> <span class='ocrx_word' id='word_1_110' title='bbox 653 1264 953 1309; x_wconf 84' lang='lat' dir='ltr'>exaggeratur.</span> <span class='ocrx_word' id='word_1_111' title='bbox 1033 1254 1116 1295; x_wconf 87' lang='lat' dir='ltr'>Vir</span> <span class='ocrx_word' id='word_1_112' title='bbox 1157 1253 1349 1296; x_wconf 88' lang='lat' dir='ltr'>liberalis</span> <span class='ocrx_word' id='word_1_113' title='bbox 1396 1265 1462 1296; x_wconf 89' lang='lat' dir='ltr'>est</span> <span class='ocrx_word' id='word_1_114' title='bbox 1506 1256 1642 1296; x_wconf 89' lang='lat' dir='ltr'>instar</span> <span class='ocrx_word' id='word_1_115' title='bbox 1692 1253 1831 1303; x_wconf 85' lang='lat' dir='ltr'>nubis,</span> 
     </span>
     <span class='ocr_line' id='line_1_15' title="bbox 197 1330 1834 1389; baseline -0.002 -14"><span class='ocrx_word' id='word_1_116' title='bbox 197 1333 536 1389; x_wconf 86' lang='lat' dir='ltr'>copiosissimam</span> <span class='ocrx_word' id='word_1_117' title='bbox 597 1330 781 1387; x_wconf 83' lang='lat' dir='ltr'>pluviam</span> <span class='ocrx_word' id='word_1_118' title='bbox 856 1332 1102 1373; x_wconf 88' lang='lat' dir='ltr'>sitientibus</span> <span class='ocrx_word' id='word_1_119' title='bbox 1164 1335 1280 1387; x_wconf 86' lang='lat' dir='ltr'>agris</span> <span class='ocrx_word' id='word_1_120' title='bbox 1343 1333 1597 1389; x_wconf 84' lang='lat' dir='ltr'>largientis3</span> <span class='ocrx_word' id='word_1_121' title='bbox 1658 1331 1834 1387; x_wconf 87' lang='lat' dir='ltr'>frigoris</span> 
     </span>
     <span class='ocr_line' id='line_1_16' title="bbox 198 1408 1831 1466; baseline -0.001 -14"><span class='ocrx_word' id='word_1_122' title='bbox 198 1423 386 1466; x_wconf 89' lang='lat' dir='ltr'>tempore</span> <span class='ocrx_word' id='word_1_123' title='bbox 425 1408 529 1451; x_wconf 88' lang='lat' dir='ltr'>solis</span> <span class='ocrx_word' id='word_1_124' title='bbox 570 1423 688 1450; x_wconf 88' lang='lat' dir='ltr'>more</span> <span class='ocrx_word' id='word_1_125' title='bbox 725 1408 909 1451; x_wconf 79' lang='lat' dir='ltr'>calorem</span> <span class='ocrx_word' id='word_1_126' title='bbox 951 1410 1116 1461; x_wconf 86' lang='lat' dir='ltr'>fundit,</span> <span class='ocrx_word' id='word_1_127' title='bbox 1169 1421 1211 1451; x_wconf 89' lang='lat' dir='ltr'>et</span> <span class='ocrx_word' id='word_1_128' title='bbox 1249 1412 1424 1452; x_wconf 85' lang='lat' dir='ltr'>ardente</span> <span class='ocrx_word' id='word_1_129' title='bbox 1465 1410 1588 1452; x_wconf 69' lang='lat' dir='ltr'>Sirio</span> <span class='ocrx_word' id='word_1_130' title='bbox 1638 1409 1831 1450; x_wconf 84' lang='lat' dir='ltr'>umbram</span> 
     </span>
     <span class='ocr_line' id='line_1_17' title="bbox 198 1489 1834 1546; baseline -0.002 -15"><span class='ocrx_word' id='word_1_131' title='bbox 198 1501 322 1546; x_wconf 93' lang='lat' dir='ltr'>atque</span> <span class='ocrx_word' id='word_1_132' title='bbox 353 1489 721 1543; x_wconf 84' lang='lat' dir='ltr'>refrigerationem</span> <span class='ocrx_word' id='word_1_133' title='bbox 753 1497 952 1543; x_wconf 88' lang='lat' dir='ltr'>praestat.</span> <span class='ocrx_word' id='word_1_134' title='bbox 1011 1489 1295 1531; x_wconf 88' lang='lat' dir='ltr'>Lautissimas</span> <span class='ocrx_word' id='word_1_135' title='bbox 1322 1492 1430 1530; x_wconf 91' lang='lat' dir='ltr'>inter</span> <span class='ocrx_word' id='word_1_136' title='bbox 1452 1503 1554 1544; x_wconf 84' lang='lat' dir='ltr'>opes</span> <span class='ocrx_word' id='word_1_137' title='bbox 1574 1490 1707 1530; x_wconf 90' lang='lat' dir='ltr'>macie</span> <span class='ocrx_word' id='word_1_138' title='bbox 1731 1501 1834 1529; x_wconf 86' lang='lat' dir='ltr'>eon-</span> 
     </span>
     <span class='ocr_line' id='line_1_18' title="bbox 198 1565 1834 1624; baseline -0.002 -14"><span class='ocrx_word' id='word_1_139' title='bbox 198 1568 363 1616; x_wconf 81' lang='lat' dir='ltr'>ficitur3</span> <span class='ocrx_word' id='word_1_140' title='bbox 408 1580 589 1621; x_wconf 91' lang='lat' dir='ltr'>namque</span> <span class='ocrx_word' id='word_1_141' title='bbox 619 1567 684 1606; x_wconf 91' lang='lat' dir='ltr'>sui</span> <span class='ocrx_word' id='word_1_142' title='bbox 715 1568 963 1617; x_wconf 88' lang='lat' dir='ltr'>immemor,</span> <span class='ocrx_word' id='word_1_143' title='bbox 1005 1569 1165 1608; x_wconf 88' lang='lat' dir='ltr'>amicos</span> <span class='ocrx_word' id='word_1_144' title='bbox 1196 1567 1469 1624; x_wconf 85' lang='lat' dir='ltr'>hospitesque</span> <span class='ocrx_word' id='word_1_145' title='bbox 1509 1565 1730 1608; x_wconf 84' lang='lat' dir='ltr'>beneficiis</span> <span class='ocrx_word' id='word_1_146' title='bbox 1763 1580 1834 1608; x_wconf 90' lang='lat' dir='ltr'>cu-</span> 
     </span>
     <span class='ocr_line' id='line_1_19' title="bbox 200 1641 1833 1706; baseline -0.004 -18"><span class='ocrx_word' id='word_1_147' title='bbox 200 1646 348 1688; x_wconf 89' lang='lat' dir='ltr'>mulat.</span> <span class='ocrx_word' id='word_1_148' title='bbox 419 1644 543 1694; x_wconf 82' lang='lat' dir='ltr'>Quod</span> <span class='ocrx_word' id='word_1_149' title='bbox 576 1645 612 1686; x_wconf 85' lang='lat' dir='ltr'>si</span> <span class='ocrx_word' id='word_1_150' title='bbox 643 1645 712 1685; x_wconf 92' lang='lat' dir='ltr'>die</span> <span class='ocrx_word' id='word_1_151' title='bbox 742 1646 1068 1687; x_wconf 81' lang='lat' dir='ltr'>resurrectionis</span> <span class='ocrx_word' id='word_1_152' title='bbox 1099 1646 1255 1686; x_wconf 89' lang='lat' dir='ltr'>donum</span> <span class='ocrx_word' id='word_1_153' title='bbox 1295 1646 1349 1688; x_wconf 88' lang='lat' dir='ltr'>ab</span> <span class='ocrx_word' id='word_1_154' title='bbox 1391 1661 1442 1687; x_wconf 90' lang='lat' dir='ltr'>eo</span> <span class='ocrx_word' id='word_1_155' title='bbox 1480 1654 1671 1701; x_wconf 83' lang='lat' dir='ltr'>peteres,</span> <span class='ocrx_word' id='word_1_156' title='bbox 1718 1641 1833 1706; x_wconf 77' lang='lat' dir='ltr'>haud</span> 
     </span>
     <span class='ocr_line' id='line_1_20' title="bbox 199 1719 1831 1781; baseline -0.002 -16"><span class='ocrx_word' id='word_1_157' title='bbox 199 1733 385 1766; x_wconf 82' lang='lat' dir='ltr'>cessaret</span> <span class='ocrx_word' id='word_1_158' title='bbox 415 1722 561 1777; x_wconf 87' lang='lat' dir='ltr'>largiri</span> <span class='ocrx_word' id='word_1_159' title='bbox 584 1722 660 1763; x_wconf 90' lang='lat' dir='ltr'>tibi</span> <span class='ocrx_word' id='word_1_160' title='bbox 682 1722 735 1763; x_wconf 89' lang='lat' dir='ltr'>ab</span> <span class='ocrx_word' id='word_1_161' title='bbox 761 1727 946 1766; x_wconf 88' lang='lat' dir='ltr'>aeternis</span> <span class='ocrx_word' id='word_1_162' title='bbox 975 1723 1060 1765; x_wconf 90' lang='lat' dir='ltr'>illis</span> <span class='ocrx_word' id='word_1_163' title='bbox 1082 1724 1250 1779; x_wconf 88' lang='lat' dir='ltr'>opibus,</span> <span class='ocrx_word' id='word_1_164' title='bbox 1283 1739 1386 1781; x_wconf 88' lang='lat' dir='ltr'>quas</span> <span class='ocrx_word' id='word_1_165' title='bbox 1408 1725 1578 1779; x_wconf 85' lang='lat' dir='ltr'>jejunio</span> <span class='ocrx_word' id='word_1_166' title='bbox 1611 1719 1831 1778; x_wconf 84' lang='lat' dir='ltr'>precibus-</span> 
     </span>
     <span class='ocr_line' id='line_1_21' title="bbox 200 1801 1079 1858; baseline 0.003 -17"><span class='ocrx_word' id='word_1_167' title='bbox 200 1817 280 1856; x_wconf 87' lang='lat' dir='ltr'>que</span> <span class='ocrx_word' id='word_1_168' title='bbox 311 1803 488 1844; x_wconf 90' lang='lat' dir='ltr'>durante</span> <span class='ocrx_word' id='word_1_169' title='bbox 520 1801 608 1842; x_wconf 69' lang='lat' dir='ltr'>vita</span> <span class='ocrx_word' id='word_1_170' title='bbox 638 1802 719 1842; x_wconf 85' lang='lat' dir='ltr'>sibi</span> <span class='ocrx_word' id='word_1_171' title='bbox 750 1813 1079 1858; x_wconf 80' lang='lat' dir='ltr'>comparaverat.</span> 
     </span>
    </p>
   </div>
   <div class='ocr_carea' id='block_1_3' title="bbox 869 1935 1154 1987">
    <p class='ocr_par' dir='ltr' id='par_1_3' title="bbox 869 1935 1154 1987">
     <span class='ocr_line' id='line_1_22' title="bbox 869 1935 1154 1987; baseline 0.007 -12"><span class='ocrx_word' id='word_1_172' title='bbox 869 1939 905 1987; x_wconf 70' lang='grc' dir='ltr'>ς.</span> <span class='ocrx_word' id='word_1_173' title='bbox 946 1935 1154 1977; x_wconf 77' lang='lat' dir='ltr'>XLVIII.</span> 
     </span>
    </p>
   </div>
   <div class='ocr_carea' id='block_1_4' title="bbox 198 2035 1832 2717">
    <p class='ocr_par' dir='ltr' id='par_1_4' title="bbox 198 2035 1832 2717">
     <span class='ocr_line' id='line_1_23' title="bbox 317 2035 1830 2091; baseline 0 -15"><span class='ocrx_word' id='word_1_174' title='bbox 317 2035 517 2077; x_wconf 86' lang='lat' dir='ltr'>Carmina</span> <span class='ocrx_word' id='word_1_175' title='bbox 556 2036 868 2077; x_wconf 68' lang='lat' dir='ltr'>aencomiastica</span> <span class='ocrx_word' id='word_1_176' title='bbox 915 2039 1134 2091; x_wconf 83' lang='lat' dir='ltr'>excipiunt</span> <span class='ocrx_word' id='word_1_177' title='bbox 1171 2036 1417 2088; x_wconf 76' lang='lat' dir='ltr'>funebria,</span> <span class='ocrx_word' id='word_1_178' title='bbox 1475 2037 1566 2077; x_wconf 81' lang='lat' dir='ltr'>sive</span> <span class='ocrx_word' id='word_1_179' title='bbox 1612 2036 1830 2090; x_wconf 78' lang='lat' dir='ltr'>elegiaca,</span> 
     </span>
     <span class='ocr_line' id='line_1_24' title="bbox 202 2111 1831 2170; baseline 0 -17"><span class='ocrx_word' id='word_1_180' title='bbox 202 2127 377 2168; x_wconf 88' lang='lat' dir='ltr'>quorum</span> <span class='ocrx_word' id='word_1_181' title='bbox 410 2114 521 2154; x_wconf 90' lang='lat' dir='ltr'>haud</span> <span class='ocrx_word' id='word_1_182' title='bbox 557 2129 714 2170; x_wconf 88' lang='lat' dir='ltr'>pauca,</span> <span class='ocrx_word' id='word_1_183' title='bbox 754 2128 886 2169; x_wconf 89' lang='lat' dir='ltr'>eaque</span> <span class='ocrx_word' id='word_1_184' title='bbox 920 2114 1238 2170; x_wconf 83' lang='lat' dir='ltr'>elegantissima</span> <span class='ocrx_word' id='word_1_185' title='bbox 1268 2115 1433 2156; x_wconf 80' lang='lat' dir='ltr'>Arabes</span> <span class='ocrx_word' id='word_1_186' title='bbox 1463 2114 1635 2156; x_wconf 83' lang='lat' dir='ltr'>habent.</span> <span class='ocrx_word' id='word_1_187' title='bbox 1705 2111 1831 2154; x_wconf 88' lang='lat' dir='ltr'>Cele-</span> 
     </span>
     <span class='ocr_line' id='line_1_25' title="bbox 203 2192 1832 2248; baseline 0.001 -17"><span class='ocrx_word' id='word_1_188' title='bbox 203 2192 376 2232; x_wconf 88' lang='lat' dir='ltr'>brantur</span> <span class='ocrx_word' id='word_1_189' title='bbox 416 2193 457 2232; x_wconf 89' lang='lat' dir='ltr'>in</span> <span class='ocrx_word' id='word_1_190' title='bbox 501 2195 553 2233; x_wconf 86' lang='lat' dir='ltr'>iis</span> <span class='ocrx_word' id='word_1_191' title='bbox 590 2192 688 2232; x_wconf 91' lang='lat' dir='ltr'>illae</span> <span class='ocrx_word' id='word_1_192' title='bbox 726 2195 912 2234; x_wconf 70' lang='lat' dir='ltr'>niaxime</span> <span class='ocrx_word' id='word_1_193' title='bbox 944 2194 1240 2234; x_wconf 86' lang='lat' dir='ltr'>defunctorum</span> <span class='ocrx_word' id='word_1_194' title='bbox 1276 2195 1478 2244; x_wconf 80' lang='lat' dir='ltr'>virtutes,</span> <span class='ocrx_word' id='word_1_195' title='bbox 1533 2208 1635 2248; x_wconf 81' lang='lat' dir='ltr'>quas</span> <span class='ocrx_word' id='word_1_196' title='bbox 1665 2192 1832 2234; x_wconf 79' lang='lat' dir='ltr'>Arabes</span> 
     </span>
     <span class='ocr_line' id='line_1_26' title="bbox 204 2270 1830 2328; baseline 0.001 -20"><span class='ocrx_word' id='word_1_197' title='bbox 204 2284 302 2323; x_wconf 89' lang='lat' dir='ltr'>prae</span> <span class='ocrx_word' id='word_1_198' title='bbox 345 2273 496 2311; x_wconf 86' lang='lat' dir='ltr'>ceteris</span> <span class='ocrx_word' id='word_1_199' title='bbox 537 2273 799 2325; x_wconf 85' lang='lat' dir='ltr'>suspiciunt,</span> <span class='ocrx_word' id='word_1_200' title='bbox 856 2270 1089 2313; x_wconf 83' lang='lat' dir='ltr'>liberalitas</span> <span class='ocrx_word' id='word_1_201' title='bbox 1137 2287 1290 2328; x_wconf 85' lang='lat' dir='ltr'>nempe</span> <span class='ocrx_word' id='word_1_202' title='bbox 1339 2283 1379 2312; x_wconf 90' lang='lat' dir='ltr'>et</span> <span class='ocrx_word' id='word_1_203' title='bbox 1418 2272 1622 2312; x_wconf 87' lang='lat' dir='ltr'>fortitudo</span> <span class='ocrx_word' id='word_1_204' title='bbox 1666 2270 1830 2311; x_wconf 86' lang='lat' dir='ltr'>bellica.</span> 
     </span>
     <span class='ocr_line' id='line_1_27' title="bbox 200 2346 1829 2406; baseline 0.002 -20"><span class='ocrx_word' id='word_1_205' title='bbox 200 2346 356 2400; x_wconf 75' lang='lat' dir='ltr'>Erepto</span> <span class='ocrx_word' id='word_1_206' title='bbox 388 2347 468 2387; x_wconf 83' lang='lat' dir='ltr'>sihi</span> <span class='ocrx_word' id='word_1_207' title='bbox 502 2363 573 2403; x_wconf 88' lang='lat' dir='ltr'>per</span> <span class='ocrx_word' id='word_1_208' title='bbox 605 2360 781 2391; x_wconf 87' lang='lat' dir='ltr'>mortem</span> <span class='ocrx_word' id='word_1_209' title='bbox 814 2352 974 2401; x_wconf 73' lang='lat' dir='ltr'>aurien,</span> <span class='ocrx_word' id='word_1_210' title='bbox 1033 2353 1221 2406; x_wconf 91' lang='lat' dir='ltr'>queritur</span> <span class='ocrx_word' id='word_1_211' title='bbox 1263 2356 1407 2404; x_wconf 63' lang='lat' dir='ltr'>poeta,</span> <span class='ocrx_word' id='word_1_212' title='bbox 1458 2363 1553 2390; x_wconf 89' lang='lat' dir='ltr'>sese</span> <span class='ocrx_word' id='word_1_213' title='bbox 1593 2348 1829 2390; x_wconf 83' lang='lat' dir='ltr'>desolatum</span> 
     </span>
     <span class='ocr_line' id='line_1_28' title="bbox 199 2425 1829 2482; baseline 0.002 -17"><span class='ocrx_word' id='word_1_214' title='bbox 199 2425 344 2480; x_wconf 83' lang='lat' dir='ltr'>illique</span> <span class='ocrx_word' id='word_1_215' title='bbox 375 2426 555 2467; x_wconf 81' lang='lat' dir='ltr'>similem</span> <span class='ocrx_word' id='word_1_216' title='bbox 586 2442 706 2479; x_wconf 83' lang='lat' dir='ltr'>esse,</span> <span class='ocrx_word' id='word_1_217' title='bbox 751 2431 845 2481; x_wconf 87' lang='lat' dir='ltr'>cui,</span> <span class='ocrx_word' id='word_1_218' title='bbox 901 2430 1160 2470; x_wconf 86' lang='lat' dir='ltr'>irruentibus</span> <span class='ocrx_word' id='word_1_219' title='bbox 1192 2428 1411 2477; x_wconf 83' lang='lat' dir='ltr'>hostibus,</span> <span class='ocrx_word' id='word_1_220' title='bbox 1460 2426 1627 2482; x_wconf 87' lang='lat' dir='ltr'>gladius</span> <span class='ocrx_word' id='word_1_221' title='bbox 1660 2436 1829 2482; x_wconf 84' lang='lat' dir='ltr'>ereptus</span> 
     </span>
     <span class='ocr_line' id='line_1_29' title="bbox 199 2505 1829 2561; baseline 0.001 -17"><span class='ocrx_word' id='word_1_222' title='bbox 199 2506 270 2545; x_wconf 78' lang='lat' dir='ltr'>sit.</span> <span class='ocrx_word' id='word_1_223' title='bbox 339 2505 545 2554; x_wconf 85' lang='lat' dir='ltr'>Miratur,</span> <span class='ocrx_word' id='word_1_224' title='bbox 595 2508 675 2559; x_wconf 66' lang='lat' dir='ltr'>quii</span> <span class='ocrx_word' id='word_1_225' title='bbox 707 2509 872 2546; x_wconf 88' lang='lat' dir='ltr'>ratione</span> <span class='ocrx_word' id='word_1_226' title='bbox 911 2509 1069 2561; x_wconf 86' lang='lat' dir='ltr'>exiguo</span> <span class='ocrx_word' id='word_1_227' title='bbox 1111 2505 1273 2547; x_wconf 90' lang='lat' dir='ltr'>tumulo</span> <span class='ocrx_word' id='word_1_228' title='bbox 1307 2516 1421 2546; x_wconf 87' lang='lat' dir='ltr'>tanta</span> <span class='ocrx_word' id='word_1_229' title='bbox 1452 2506 1639 2546; x_wconf 80' lang='lat' dir='ltr'>defuncti</span> <span class='ocrx_word' id='word_1_230' title='bbox 1671 2505 1829 2546; x_wconf 82' lang='lat' dir='ltr'>libera—</span> 
     </span>
     <span class='ocr_line' id='line_1_30' title="bbox 198 2581 1828 2639; baseline 0.002 -19"><span class='ocrx_word' id='word_1_231' title='bbox 198 2581 294 2623; x_wconf 83' lang='lat' dir='ltr'>litas</span> <span class='ocrx_word' id='word_1_232' title='bbox 327 2584 450 2623; x_wconf 89' lang='lat' dir='ltr'>condi</span> <span class='ocrx_word' id='word_1_233' title='bbox 484 2586 688 2638; x_wconf 90' lang='lat' dir='ltr'>potuerit,</span> <span class='ocrx_word' id='word_1_234' title='bbox 732 2594 929 2638; x_wconf 82' lang='lat' dir='ltr'>quantam</span> <span class='ocrx_word' id='word_1_235' title='bbox 963 2587 1033 2624; x_wconf 83' lang='lat' dir='ltr'>vix</span> <span class='ocrx_word' id='word_1_236' title='bbox 1068 2595 1179 2625; x_wconf 86' lang='lat' dir='ltr'>terra</span> <span class='ocrx_word' id='word_1_237' title='bbox 1209 2594 1251 2625; x_wconf 89' lang='lat' dir='ltr'>et</span> <span class='ocrx_word' id='word_1_238' title='bbox 1282 2587 1415 2625; x_wconf 86' lang='lat' dir='ltr'>maria</span> <span class='ocrx_word' id='word_1_239' title='bbox 1447 2587 1671 2639; x_wconf 83' lang='lat' dir='ltr'>cepissent.</span> <span class='ocrx_word' id='word_1_240' title='bbox 1741 2584 1828 2625; x_wconf 84' lang='lat' dir='ltr'>Sed</span> 
     </span>
     <span class='ocr_line' id='line_1_31' title="bbox 198 2660 1827 2717; baseline 0.002 -19"><span class='ocrx_word' id='word_1_241' title='bbox 198 2669 234 2699; x_wconf 75' lang='lat' dir='ltr'>et</span> <span class='ocrx_word' id='word_1_242' title='bbox 270 2663 361 2713; x_wconf 82' lang='lat' dir='ltr'>ipsa</span> <span class='ocrx_word' id='word_1_243' title='bbox 400 2660 632 2702; x_wconf 84' lang='lat' dir='ltr'>liberalitas</span> <span class='ocrx_word' id='word_1_244' title='bbox 663 2663 753 2714; x_wconf 82' lang='lat' dir='ltr'>jam</span> <span class='ocrx_word' id='word_1_245' title='bbox 787 2671 952 2701; x_wconf 86' lang='lat' dir='ltr'>mortua</span> <span class='ocrx_word' id='word_1_246' title='bbox 984 2672 1073 2711; x_wconf 84' lang='lat' dir='ltr'>est,</span> <span class='ocrx_word' id='word_1_247' title='bbox 1125 2663 1330 2717; x_wconf 84' lang='lat' dir='ltr'>siquidem</span> <span class='ocrx_word' id='word_1_248' title='bbox 1368 2666 1504 2704; x_wconf 72' lang='lat' dir='ltr'>vivam</span> <span class='ocrx_word' id='word_1_249' title='bbox 1536 2664 1717 2717; x_wconf 84' lang='lat' dir='ltr'>exiguus</span> <span class='ocrx_word' id='word_1_250' title='bbox 1751 2661 1827 2703; x_wconf 88' lang='lat' dir='ltr'>ille</span> 
     </span>
    </p>
   </div>
   <div class='ocr_carea' id='block_1_5' title="bbox 193 2737 1824 2797">
    <p class='ocr_par' dir='ltr' id='par_1_5' title="bbox 193 2737 1824 2797">
     <span class='ocr_line' id='line_1_32' title="bbox 193 2737 1824 2797; baseline 0.004 -22"><span class='ocrx_word' id='word_1_251' title='bbox 193 2737 378 2779; x_wconf 83' lang='lat' dir='ltr'>tumulus</span> <span class='ocrx_word' id='word_1_252' title='bbox 410 2743 583 2781; x_wconf 88' lang='lat' dir='ltr'>minime</span> <span class='ocrx_word' id='word_1_253' title='bbox 614 2739 973 2794; x_wconf 83' lang='lat' dir='ltr'>comprehendere</span> <span class='ocrx_word' id='word_1_254' title='bbox 1006 2743 1225 2793; x_wconf 77' lang='lat' dir='ltr'>potuisset.</span> <span class='ocrx_word' id='word_1_255' title='bbox 1286 2740 1399 2783; x_wconf 86' lang='lat' dir='ltr'>Dum</span> <span class='ocrx_word' id='word_1_256' title='bbox 1424 2744 1609 2792; x_wconf 81' lang='lat' dir='ltr'>viveret,</span> <span class='ocrx_word' id='word_1_257' title='bbox 1643 2742 1714 2797; x_wconf 88' lang='lat' dir='ltr'>qui</span> <span class='ocrx_word' id='word_1_258' title='bbox 1735 2743 1824 2794; x_wconf 60' lang='lat' dir='ltr'>,iam</span> 
     </span>
    </p>
   </div>
  </div>
 </body>
</html>
