1968 3095
203 205 286 243 212
798 206 890 242 Pars
920 206 993 242 111.
1065 208 1156 254 Cap.
1186 206 1257 242 111.

207 313 277 354 vel
316 314 533 367 sequiores
574 311 872 354 Hebraeorum
925 320 1072 369 poetae
1123 328 1205 354 non
1246 313 1353 355 adeo
1391 328 1416 354 a
1457 311 1621 368 pulchri
1663 315 1836 370 verique

206 406 334 433 sensu
355 391 687 445 degenerarunt,
716 405 838 445 quain
871 394 1055 432 seriores
1075 391 1266 441 Arabes,
1297 393 1339 432 in
1363 406 1543 447 quorum
1562 391 1837 442 carminibus,

208 470 330 509 sicuti
363 466 562 522 exempla
601 471 795 523 superius
837 471 879 510 in
921 471 1107 510 medium
1151 469 1315 525 prolata
1356 470 1531 521 docent,
1574 478 1641 511 sat
1666 471 1837 525 ineptae
1891 482 1901 491 ’

210 547 463 600 putidaeque
494 548 831 600 comparationes
862 547 1084 588 habentur.

910 662 947 709 ξ.
997 657 1134 699 CXII.

325 747 679 801 Frequentissime
712 749 929 802 utriusque
962 747 1104 802 populi
1139 753 1284 802 poetae
1315 757 1355 787 et
1382 752 1739 802 prosopopoeiam
1763 750 1860 790 adv

207 825 367 865 hibent.
451 824 494 864 ln
537 824 664 876 hujus
712 823 875 878 figurae
918 841 994 865 usu
1043 825 1231 865 Hebraei
1275 825 1521 880 Arabesque
1562 825 1837 877 Graecorum,

209 901 495 942 Romanorum
549 900 888 956 reliquorumque
939 905 1169 945 occidentis
1217 902 1466 958 populorum
1520 909 1664 957 poetas
1708 903 1835 960 longe

208 989 429 1032 superant3
462 979 542 1032 ipsi
573 989 713 1018 autem
747 994 867 1032 pares
900 981 987 1020 fere
1020 983 1232 1023 censendi.
1286 981 1410 1048 Quod
1436 984 1471 1022 si
1496 992 1635 1021 tamen
1661 981 1833 1036 aliquod

209 1060 318 1097 inter
351 1066 549 1110 utrosque
581 1058 621 1095 in
656 1056 784 1108 hujus
815 1058 977 1112 figurae
1012 1074 1088 1098 usu
1124 1060 1349 1098 discrimen
1383 1060 1649 1099 statuendum
1681 1061 1760 1109 sit,
1792 1061 1834 1101 id

208 1137 250 1174 in
285 1148 334 1173 eo
374 1136 553 1188 positum
596 1137 698 1182 erit,
741 1136 848 1187 quod
883 1135 956 1175 illa
989 1138 1154 1176 dicendi
1187 1135 1394 1186 formula,
1440 1137 1521 1191 qua
1560 1139 1621 1177 rei
1655 1136 1835 1191 alicujus

208 1213 260 1251 ad
303 1211 477 1251 alteram
515 1210 665 1252 relatio
704 1214 762 1252 ita
808 1216 1084 1268 exprimitur,
1127 1224 1169 1254 ut
1207 1213 1280 1253 illa
1321 1213 1449 1266 hujus
1482 1221 1642 1268 pater,
1682 1221 1834 1266 mater,

197 1289 348 1339 filius,
370 1289 686 1340 file'a,fraler
716 1305 922 1344 sororque
956 1293 1144 1340 dicatur,
1179 1294 1287 1346 quod
1322 1291 1409 1341 illa,
1439 1293 1633 1346 inquam,
1666 1291 1833 1331 dicendi
1888 1320 1897 1329 .

207 1365 413 1415 formula,
443 1381 565 1420 quam
601 1370 724 1407 etiam
759 1371 809 1408 ad
844 1372 1195 1423 prosopopoeiam
1222 1370 1468 1417 referimus,
1501 1368 1762 1423 frequentius
1790 1370 1833 1408 in

207 1444 422 1493 Arabum,
464 1458 586 1496 quam
619 1445 913 1486 Hebraeorum
955 1447 1211 1487 carminibus
1249 1459 1451 1487 occurrat.
1515 1444 1662 1500 Neque
1692 1457 1831 1504 tamen

207 1523 648 1575 praetermittendum,
697 1538 826 1576 panca
867 1534 1026 1564 tantum
1071 1531 1250 1578 poeseos
1293 1524 1532 1563 Heluaicae
1571 1526 1831 1564 monimenta

209 1601 259 1639 ad
295 1615 369 1639 nos
400 1614 643 1653 supei·ass‹·;
686 1604 793 1655 quod
836 1604 870 1640 si
912 1613 1026 1642 tanta
1069 1605 1301 1642 carminum
1334 1601 1640 1641 Ilebraieorum
1683 1600 1830 1657 moles,

208 1688 361 1731 quanta
390 1676 696 1727 Arabicorum,
728 1690 939 1733 superstes
972 1690 1104 1729 esset,
1143 1680 1285 1735 procul
1318 1681 1446 1720 dubio
1478 1682 1519 1719 in
1553 1679 1635 1719 hoc
1665 1693 1829 1735 quoque

205 1752 457 1794 elocutionis
489 1769 645 1809 genere
679 1756 863 1797 Hebraei
897 1772 987 1798 cum
1021 1758 1237 1799 Arabibus
1269 1767 1573 1799 concertarent.

903 1861 940 1908 ξ.
975 1858 1131 1901 CXllI.

322 1943 432 1983 lnter
473 1944 766 1985 Hebraeorum
807 1945 1079 2001 Arabumque
1122 1949 1361 2000 allegorias
1416 1949 1524 1987 idem
1577 1962 1826 1998 consensus,

205 2020 398 2073 idemque
441 2023 659 2061 intercedit
698 2024 946 2072 discrimen,
989 2025 1097 2078 quod
1138 2026 1179 2063 in
1222 2039 1366 2063 eorum
1408 2024 1664 2079 imaginibus
1702 2036 1828 2081 atque

208 2097 462 2150 metaphoris
502 2101 542 2138 in
577 2102 815 2139 universum
850 2103 1121 2155 conspicitur.
1182 2102 1259 2142 Est
1289 2104 1401 2142 enim
1441 2101 1645 2156 allegoria
1685 2105 1826 2159 imago

203 2176 292 2212 sive
325 2176 571 2229 metaphora
603 2180 871 2224 continuata;
913 2194 1041 2233 quare
1083 2190 1281 2233 quantum
1324 2182 1366 2219 in
1408 2181 1663 2234 imaginibus
1695 2190 1826 2221 meta-

200 2251 431 2306 pborisque
458 2246 558 2293 ‘suis
592 2254 884 2295 Hebraeorum
927 2257 1199 2311 Arabumque
1244 2263 1391 2311 poetae
1435 2259 1701 2298 consentiunt
1740 2259 1824 2299 dis·
1866 2297 1870 2300 Δ

199 2332 488 2384 sentiuntque,
532 2342 691 2372 tantum
722 2336 846 2373 etiam
881 2337 921 2373 in
954 2334 1171 2385 allegoriis
1203 2336 1467 2374 consentient
1503 2346 1628 2390 atque
1659 2337 1823 2377 dissen-

200 2407 314 2445 tient.
372 2406 465 2446 Jam
508 2422 600 2447 cum
635 2412 828 2463 superius
860 2413 910 2450 de
941 2413 1197 2463 imaginum,
1234 2411 1385 2464 quibus
1418 2411 1605 2452 Hebraei
1637 2412 1820 2454 Arabes-

197 2497 276 2536 que
309 2493 507 2534 utuntur,
538 2500 745 2526 consensu
779 2497 902 2540 atque
934 2489 1177 2528 discrimine
1208 2499 1344 2528 actum
1376 2489 1524 2538 fuerit,
1557 2489 1817 2543 superfluum

195 2561 383 2611 ridetur,
415 2563 560 2602 eadem
596 2562 666 2601 illa
700 2573 740 2602 et
775 2566 825 2604 de
860 2564 1064 2616 allegoria
1097 2566 1351 2618 praedicare.
1412 2565 1551 2607 Unum
1585 2569 1625 2607 id
1657 2568 1819 2608 adden-

188 2636 309 2687 dum,
342 2640 381 2678 in
405 2639 695 2680 Hebraeorum
732 2645 845 2694 post-i
876 2641 1012 2681 nullas
1035 2642 1202 2682 obviam
1228 2657 1321 2683 esse
1346 2643 1569 2699 allegorias
1599 2647 1814 2698 mysticas,

183 2714 328 2768 quales
360 2720 532 2757 omnino
567 2720 606 2756 in
640 2718 827 2758 Arabum
872 2721 986 2772 poisssi
1020 2719 1243 2761 habentur.
1307 2720 1441 2774 Cujus
1474 2723 1532 2762 rei
1567 2735 1737 2763 causam
1768 2722 1811 2762 in
