1958 2947
526 143 590 181 'De
619 146 761 192 oriyine
791 152 822 180 ει
852 145 971 180 causis
993 148 1144 191 poeseos
1176 144 1389 180 Hebraicae.
1728 143 1775 179 31

150 252 382 304 lissimam,
413 250 714 307 prophetarum
745 252 940 302 scholas,
984 252 1188 299 instituit;
1229 265 1311 305 quo
1341 253 1536 292 instituto
1567 260 1608 292 et
1639 255 1778 307 poesis

155 331 450 372 Hebraeorum
473 331 641 370 ›mirum
679 331 724 370 in
762 331 932 370 modum
974 339 1099 370 aucta
1137 339 1260 384 atque
1295 338 1495 384 provecta
1523 330 1616 372 fuit.
1686 332 1778 373 Etsi

153 408 394 451 scholarum
426 407 595 449 iliarum
626 409 833 449 rationem
866 407 979 449 haud
1021 409 1186 462 penitus
1225 417 1484 462 perspectam
1528 408 1777 461 habeamus,

153 496 319 528 constat
348 497 504 537 tamen,
534 487 578 527 id
602 489 788 528 maxime
819 496 1054 541 spectatum
1084 486 1232 535 fuisse,
1266 495 1311 525 ut
1341 487 1570 528 earundem
1601 486 1776 538 alumni,

152 568 224 620 qui
255 575 419 617 nus-22,
448 565 715 621 prophetae,
747 564 1020 614 dicebantur,
1054 564 1239 604 numinis
1265 564 1398 604 divini
1427 563 1584 605 cultum
1613 561 1776 603 salvum

150 643 204 685 ab
236 647 352 685 omni
386 645 654 698 corruptione
694 650 936 693 servarent,
986 657 1149 684 morum
1180 641 1432 697 probitatem
1473 641 1628 696 populo
1662 656 1776 682 com-

148 723 420 774 mendarent,
452 725 539 764 imo
569 724 684 777 ipsos
714 736 838 777 reges
869 730 991 776 atque
1022 721 1265 763 sacerdotes
1288 730 1512 761 monerent
1532 730 1656 775 atque
1684 735 1775 761 cor-

147 802 356 856 rigerent,
390 804 428 842 si
454 801 564 842 forte
596 800 736 841 officio
767 814 843 840 suo
875 802 1016 842 minus
1046 801 1342 842 satisfacerent
1368 801 1449 851 3ὃ).
1511 797 1607 848 Quo
1632 807 1775 839 autem

144 879 292 934 populi
330 895 561 935 regumque
603 880 767 919 animos
798 877 968 920 facilius
1007 893 1157 933 regere
1199 888 1395 932 possent,
1448 879 1568 932 poesi
1602 888 1774 932 arteque

147 958 309 1013 musica
338 957 659 1005 imbuebantur3
702 972 805 1012 quas
835 967 949 998 artes
979 971 1126 998 omnes
1163 956 1253 997 fere
1281 958 1444 1012 antiqui
1473 957 1674 1010 temporis
1705 970 1775 996 sa-

147 1036 309 1089 pientes
349 1037 402 1077 ad
451 1036 710 1090 frangendos
754 1036 1082 1090 formandosque
1127 1036 1295 1076 rudium
1342 1035 1562 1075 hominum
1609 1036 1773 1075 animos

147 1112 423 1155 adhibebant.
485 1113 588 1154 Inde
617 1115 801 1163 factum,
836 1122 904 1165 ut,
939 1115 1105 1168 quando
1135 1128 1275 1154 coram
1308 1111 1464 1168 populo
1497 1098 1628 1153 verba
1658 1112 1772 1152 face·-

145 1199 239 1230 rent
278 1190 533 1245 prophetae,
594 1206 677 1231 non
718 1192 904 1245 pedestri
948 1201 1162 1232 uterentur
1203 1194 1422 1245 oratione5
1481 1192 1554 1232 sed
1606 1192 1772 1245 poetico

146 1271 331 1324 correpti
369 1280 509 1310 oestro
551 1271 739 1310 carmina
780 1269 1044 1319 fundebant,
1107 1269 1259 1325 quibus
1300 1269 1413 1310 haud
1451 1283 1546 1309 raro
1589 1271 1773 1310 musicus

145 1345 265 1388 lusus
296 1349 609 1403 tripudiumque
640 1348 882 1388 accedebat.
939 1346 1046 1388 Cum
1073 1348 1254 1389 Gc'beam
1283 1355 1447 1402 peteret
1477 1344 1659 1397 Saulus,
1696 1361 1773 1387 rex

145 1439 170 1465 a
202 1424 402 1467 Samuele
433 1427 700 1481 designatus,
742 1426 1039 1481 prophetarum
1075 1426 1248 1467 chorum
1280 1425 1447 1465 obviam
1478 1424 1651 1476 habuit,
1702 1427 1772 1481 qui

144 1505 254 1544 inter
286 1489 446 1555 nablii,
484 1506 694 1558 tympani,
738 1504 867 1545 tibiae
899 1505 1169 1560 citharaeque
1206 1513 1374 1545 cantum
1417 1504 1769 1556 vaticinabantur,

142 1583 170 1623 i.
194 1597 226 1622 e.
260 1582 504 1637 prophetica
534 1582 768 1623 fundebant
796 1585 1008 1635 carmina5
1040 1583 1194 1638 quibus
1215 1585 1451 1638 conspectis
1473 1592 1595 1638 atque
1616 1585 1772 1625 auditis

143 1669 185 1700 et
215 1662 308 1714 ipse
339 1659 521 1710 Saulus,
573 1662 736 1715 poetico
770 1671 986 1715 correptus
1018 1669 1185 1711 oestro,
1237 1662 1473 1701 occurrenti
1515 1660 1644 1701 choro
1675 1677 1768 1702 sese

144 1739 376 1779 immiscuit
410 1747 535 1793 atque
568 1739 821 1778 vaticinatus
854 1748 918 1778 est
950 1741 1027 1792 ³⁷).
1088 1738 1134 1779 In
1174 1738 1286 1779 hunc
1314 1738 1486 1779 modum
1517 1742 1770 1794 comparatis

144 1817 446 1871 prophetarum
480 1815 661 1864 scholis,
710 1818 869 1857 factum
901 1826 988 1866 est,
1033 1827 1077 1858 ut
1108 1818 1225 1858 brevi
1258 1827 1445 1870 tempore
1473 1816 1767 1861 Hebraeorum

142 1896 284 1947 poesis
324 1894 558 1935 laetissima
597 1905 766 1949 caperet
804 1897 1078 1936 incrementa.
1149 1893 1276 1935 Certe
1314 1893 1484 1935 illarum
1525 1895 1765 1938 scholarum

140 1971 350 2014 beneficio
371 1972 656 2023 tribuendum,
691 1974 800 2028 quod
826 1976 1019 2028 proxima
1041 1984 1132 2029 post
1154 1972 1394 2015 Samuelem
1415 1983 1530 2014 aetas
1552 1974 1766 2015 excellen-

139 2053 323 2110 tissimos
358 2053 509 2092 viderit
548 2058 717 2106 poetas,
769 2051 912 2108 quales
943 2052 1097 2094 David
1126 2052 1328 2106 Asafque
1367 2052 1502 2093 fuere.
1572 2051 1765 2106 Namque

138 2129 302 2181 regium
332 2127 450 2170 iilum
491 2135 656 2183 poetam
697 2129 943 2185 psaltenque
985 2130 1200 2172 Samuelis
1237 2131 1362 2170 ductu
1402 2140 1524 2185 atque
1565 2133 1763 2186 auspiciis

138 2207 375 2247 institutum
409 2207 566 2259 fuisse,
609 2223 692 2250 non
730 2218 820 2259 est,
870 2210 978 2264 quod
1011 2210 1265 2251 dubitemus.
1326 2208 1453 2249 Haud
1484 2210 1653 2264 quidem
1686 2224 1762 2251 nos

87 2333 93 2336 ⁵
137 2283 260 2340 fugit,
293 2299 346 2326 ex
368 2287 437 2337 iis,
469 2301 576 2342 quae
600 2292 620 2328 1
645 2287 758 2328 Sam.
781 2287 919 2338 XVI,
953 2293 973 2329 1
991 2292 1139 2339 -13‚
1171 2288 1413 2338 traduntur,
1445 2290 1599 2342 conjici
1623 2302 1760 2342 posse,

139 2361 379 2415 Davidem,
430 2367 670 2422 priusquam
711 2379 736 2406 a
765 2364 965 2408 Samuele
1005 2382 1082 2408 rex
1114 2369 1433 2422 designaretur,
1475 2366 1575 2408 huic
1603 2380 1761 2420 nequa-

195 2542 266 2593 36)
312 2545 330 2580 l
360 2545 464 2582 Sam.
487 2547 606 2592 Xlll,
643 2547 717 2593 13,
752 2548 823 2595 1-1»,
868 2549 951 2595 XV,
988 2547 1039 2587 16
1059 2573 1107 2578 -
1129 2548 1183 2588 30
1208 2563 1217 2592 ς
1263 2549 1287 2585 2
1311 2550 1417 2586 Sam.
1444 2548 1543 2592 Xll,
1578 2547 1596 2583 l
1621 2570 1668 2574 ψ
1691 2545 1754 2594 14,

247 2612 391 2658 XXIV,
426 2613 472 2650 ll
495 2613 644 2659 -14ς
683 2615 828 2661 Jes.1‚
863 2616 984 2654 10*—
1006 2617 1070 2654 l7.

193 2677 266 2726 37)
300 2680 318 2716 l
341 2681 449 2718 Sam.
472 2681 533 2726 Χ,
565 2679 604 2725 5,
635 2680 674 2726 6,
711 2682 775 2727 10,
810 2683 874 2720 ll.
