1968 3095
222 227 276 265 50
864 225 955 262 Pars
987 225 1019 261 Ι.
1083 224 1174 271 Cap.
1207 223 1257 259 11.

228 335 397 377 okadhz·
423 334 619 376 solebant
649 333 838 383 institui,
890 331 1117 387 plurimum
1149 333 1201 374 ad
1233 332 1501 374 excitandam
1534 340 1658 388 atque
1688 344 1854 387 promo-

226 415 403 456 vendam
435 415 547 454 inter
577 411 743 453 Arabes
783 412 929 466 poesin
964 410 1211 453 contulisse.
1281 409 1432 467 Neque
1470 410 1513 451 id
1553 411 1660 451 adeo
1692 411 1859 462 mirum,

227 508 320 536 cum
343 501 484 533 tantus
510 490 620 541 illis,
652 491 721 545 qui
749 491 908 546 primas
930 491 1138 532 referrent
1167 500 1330 546 partes,
1361 490 1498 531 honos
1523 487 1694 530 habitus
1716 489 1860 540 fuerit,

227 580 407 628 quantus
432 571 505 611 vix
526 567 625 619 illis,
657 570 728 624 qui
749 570 920 624 generis
948 568 1184 620 nobilitate,
1216 568 1286 609 vel
1310 569 1560 610 fortitudine
1583 566 1738 609 bellica
1758 581 1860 623 prae

229 652 380 693 ceteris
411 649 660 690 eminerent.
730 644 874 695 Quare
905 649 941 688 si
972 649 1066 702 quis
1097 661 1120 687 e
1152 649 1382 689 certamine
1410 647 1484 688 illo
1515 645 1697 702 palmam
1727 645 1860 687 refer-

227 736 317 778 ret,
362 726 632 768 beatissimos
663 738 756 765 sese
788 727 881 779 ejus
911 724 1088 766 tribules
1120 726 1388 780 praedicare,
1435 725 1583 781 epulas
1622 725 1860 774 instituere,

228 803 457 861 multisque
489 802 584 845 aliis
617 804 752 844 modis
783 804 987 860 gaudium
1015 819 1137 845 suum
1170 803 1412 859 significare
1442 803 1636 846 solebant
1666 804 1750 857 ⁵²).

925 940 960 988 ς.
1000 937 1148 978 xxn.

344 1037 426 1079 His
456 1039 723 1093 potissimum
757 1039 897 1079 causis
938 1045 1114 1093 poeseos
1147 1041 1330 1080 studium
1365 1040 1475 1095 apud
1505 1038 1671 1081 Arabes
1703 1039 1864 1079 excita-

231 1125 318 1156 tuin
351 1125 675 1169 promotumque
706 1115 838 1157 fuisse
869 1117 1049 1158 videtur.
1122 1117 1179 1159 Ut
1210 1119 1409 1172 primunr
1429 1126 1568 1158 autem
1606 1117 1865 1171 jucundissi-

230 1207 322 1234 mae
346 1195 448 1234 artis
471 1195 680 1248 primitias
701 1194 896 1236 homines
919 1194 996 1246 illi,
1030 1196 1082 1236 ad
1105 1198 1275 1250 quasvis
1295 1211 1363 1237 res
1383 1198 1574 1251 egregias
1595 1194 1865 1244 habilissimi‚

234 1280 532 1328 gustaverunt,
580 1273 757 1321 mirum,
803 1283 1003 1327 quantum
1045 1281 1225 1328 po'eseos
1264 1276 1448 1315 studium
1490 1273 1587 1315 illos
1626 1275 1863 1322 incesserit,

232 1360 516 1405 quantumque
556 1364 625 1389 ars
664 1348 739 1390 illa
781 1350 1032 1391 brevissimo
1063 1354 1266 1406 temporis
1308 1354 1444 1406 spatio
1487 1361 1685 1407 provecta
1717 1351 1861 1392 fuerit.

232 1426 484 1483 Quicunque
509 1426 695 1468 melioris
718 1427 874 1469 indolis
898 1428 1167 1485 cultior-isque
1199 1431 1359 1485 ingenii
1390 1429 1558 1470 laudem
1581 1430 1865 1479 adfectabant,

231 1508 351 1561 poesi
402 1520 571 1560 operam
621 1506 863 1554 navabant3
921 1516 1092 1548 etcum
1139 1511 1342 1550 anteactis
1386 1509 1650 1563 temporibus
1699 1508 1864 1549 duabus

233 1586 420 1625 maxime
459 1584 617 1634 rebus,
672 1586 919 1626 fortitudine
965 1585 1118 1628 bellica
1165 1597 1207 1628 et
1245 1586 1533 1642 hospitalitate
1581 1587 1865 1643 gloriarentur

232 1662 423 1713 Arabes,
450 1664 538 1716 jam
563 1673 605 1703 et
626 1666 727 1705 artis
750 1665 940 1719 poeticae
972 1667 1124 1720 peritia
1156 1664 1266 1706 haud
1298 1667 1451 1706 minori
1478 1663 1594 1706 laudi
1617 1664 1863 1706 ducebatur.

234 1740 360 1790 Quod
402 1747 580 1796 poeseos
622 1744 808 1783 studium
848 1744 955 1784 adeo
1000 1745 1199 1785 diffusum
1242 1744 1347 1794 fuit,
1397 1752 1443 1784 ut
1482 1758 1565 1785 non
1599 1743 1736 1785 solum
1768 1744 1864 1793 viri,

234 1834 379 1860 verum
411 1821 536 1861 etiam
575 1821 776 1864 mulieres
815 1824 1075 1865 carminibus
1108 1823 1414 1877 componendis
1452 1822 1747 1864 incumberent
1781 1823 1864 1873 53).

290 2010 362 2060 52)
405 2009 602 2048 l’ocockii
634 2011 832 2061 specimen
868 2013 959 2051 bist.
991 2014 1108 2052 Arai».
1142 2029 1177 2064 p.
1203 2012 1304 2058 159,
1340 2012 1433 2051 160.
1506 2014 1689 2065 Ejusdem
1720 2011 1863 2057 oratio,

350 2091 433 2115 cnm
467 2075 756 2128 praelectiones
791 2079 826 2116 in
855 2080 1013 2132 'l‘ograi
1048 2094 1203 2118 carmen
1236 2082 1533 2131 auspicaretur,
1566 2096 1601 2132 p.
1627 2079 1691 2118 10.

289 2155 361 2207 53)
398 2157 510 2193 llaud
544 2157 713 2208 exiguus
744 2157 972 2196 feminarum
1007 2174 1211 2205 numerus,
1248 2172 1348 2210 quae
1381 2160 1482 2198 inter
1513 2160 1662 2198 Arabes
1695 2162 1862 2210 poe'seos

345 2225 476 2261 studio
528 2224 808 2263 inclaruerunt.
883 2228 1053 2265 Maxime
1099 2242 1190 2266 vero
1233 2228 1475 2265 cantatrices
1515 2233 1554 2266 et
1594 2225 1885 2265 citharistriae'

347 2293 455 2341 poesi
496 2306 649 2342 apioque
681 2306 836 2343 opfflam
872 2295 1082 2333 navabant.
1145 2297 1184 2332 ln
1219 2295 1276 2332 his
1310 2297 1729 2336 Αδἀἰὶαηιαι-ιιι-Ιιάιςε,
1771 2294 1798 2332 i.
1826 2307 1861 2332 e.

346 2360 539 2396 §ultanum
568 2364 789 2408 presbyteri,
824 2362 1092 2409 Medinensis,
1123 2362 1255 2400 Jazidi
1288 2362 1360 2399 ben
1382 2362 1656 2406 Abdulmalek,
1690 2361 1863 2399 chulifae

344 2426 598 2476 (lmajjadac,
632 2429 897 2479 nmncipimn3
942 2433 1113 2478 Olajjah,
1158 2429 1373 2475 Alinalidii,
1420 2430 1593 2468 chalit'ae
1624 2429 1861 2475 Abbasidae,

344 2492 451 2539 sslin3
495 2496 629 2539 muts-1,
673 2496 940 2542 Medincnsis,
974 2498 1129 2535 Alliadii
1162 2503 1199 2533 et
1231 2497 1423 2543 Alamini,
1462 2497 1693 2534 clialifarum
1728 2495 1860 2534 Abba-

345 2560 517 2598 sidorum
561 2575 697 2607 serva,
750 2576 849 2612 quae
882 2564 1015 2601 librum
1059 2566 1340 2601 cantilenarum
1377 2565 1412 2601 in
1446 2565 1522 2602 Alii
1555 2565 1626 2601 ben
1665 2564 1857 2601 Hescham

342 2641 451 2665 usum
485 2629 728 2679 composuit3
768 2633 895 2675 Oraia,
925 2632 1213 2682 lssagtladonsis,
1247 2639 1509 2681 cognomento
1539 2631 1859 2669 Almamuniunae

347 2695 540 2747 insignis,
583 2697 674 2748 quia
706 2697 929 2742 Almamnu,
974 2699 1146 2742 cbalifa,
1191 2712 1430 2750 magnopere
1464 2700 1569 2737 illins
1601 2704 1719 2737 cantu
1752 2698 1859 2737 dele·

344 2763 547 2808 etabatur3
593 2766 788 2804 Dananir,
822 2765 1092 2811 Mediuensis,
1131 2766 1272 2816 Jabjao
1307 2767 1378 2805 ben
1412 2767 1562 2805 Clialed
1592 2766 1857 2805 Barmekidae
