1958 2947
773 137 1022 185 Comparatio.
1319 130 1333 151 ¹
1629 143 1708 182 105

89 245 306 286 renunties
345 258 518 284 necesse
557 253 633 284 est.
712 243 840 284 Haud
879 244 1044 285 meliori
1078 246 1176 299 jure
1215 259 1309 287 cum
1345 247 1546 303 Coccejo,
1590 250 1712 294 Bezic

93 324 271 380 aliisque
311 321 416 364 Jobi
459 321 614 362 librum
664 322 715 362 ad
758 322 1030 363 dramaticam
1077 324 1237 365 referas
1281 328 1454 379 poesim
1483 329 1713 383 ¹siquidem

90 405 227 445 omnis
257 402 390 450 actio,
424 401 516 440 sine
546 398 628 454 qua
660 401 801 453 poesis
832 400 1061 441 dramatica
1089 404 1319 444 consistere
1347 406 1511 459 nequit,
1544 407 1586 447 in
1619 422 1713 449 car-

92 484 205 524 mine
239 479 313 521 illo
345 478 620 519 desideratur.
699 475 841 525 Quare
867 479 1024 519 rectius
1054 487 1238 531 statuas,
1279 480 1434 536 duplex
1473 482 1576 524 illud
1609 487 1711 537 'car-

89 561 249 602 minum
281 571 438 613 genus,
477 557 641 610 epicum
682 555 882 596 videlicet
914 565 1037 611 atque
1079 557 1379 609 dramaticum,
1423 575 1503 615 quo
1541 564 1584 603 in
1616 565 1711 604 uni-

90 652 214 679 verso
261 641 438 691 poeseos
480 633 639 674 ambitu
695 633 754 674 nil
805 635 1114 690 praestantius,
1166 634 1377 678 Hebraeis
1414 636 1736 697 Asabibusque

90 717 263 758 omnino
292 712 506 755 insolitum
538 712 685 753 fuisse.

668 1040 927 1084 Pars
989 1038 1123 1083 111.

344 1169 396 1203 Dc
424 1168 514 1212 stylo
544 1167 750 1202 carminum
780 1165 1049 1202 Hebraicorum
1076 1172 1185 1213 atque
1214 1166 1468 1207 Arabicarum.

727 1315 1066 1361 oap.1.

552 1422 602 1455 De
632 1421 724 1465 stylo
751 1422 936 1454 carminum
961 1420 1218 1454 Hebraicorum.

740 1475 749 1487 2

790 1544 830 1592 ξ.
880 1541 1002 1583 LXI.

201 1644 248 1685 ln
280 1641 533 1698 explicanda
564 1643 719 1697 poetici
747 1642 1044 1684 Hebraeorum
1074 1639 1172 1694 styli
1202 1640 1345 1681 indole
1376 1655 1460 1683 non
1491 1644 1583 1698 ipsa
1615 1653 1708 1686 tan-

90 1732 178 1763 tum
217 1720 424 1772 elocutio,
477 1735 600 1776 quam
639 1723 810 1775 proprio
852 1720 1136 1774 strictiorique
1182 1732 1308 1759 sensu
1352 1719 1504 1774 stylum
1548 1723 1703 1772 dicunt,

86 1815 231 1841 verum
275 1800 414 1839 omnis
464 1804 680 1853 poetarum
721 1799 1018 1840 Hebraeorum
1060 1798 1275 1853 cogitandi
1323 1806 1448 1852 atque
1497 1801 1707 1841 sentiendi

85 1881 193 1920 ratio
226 1877 533 1919 consideranda
563 1877 741 1918 videtur.
799 1875 994 1933 Namque
1027 1876 1277 1917 elocutionis
1308 1877 1403 1917 fons
1435 1885 1558 1932 atque
1589 1880 1705 1932 origo

86 1958 286 2011 cogitatio
316 1969 574 2010 sensusque,
606 1968 782 2008 quorum
814 1963 1036 2010 utrumque
1068 1954 1174 1994 adeo
1206 1963 1318 1995 arcte
1345 1957 1632 2009 conjunctum,
1663 1967 1707 1997 ut

86 2034 263 2075 alterum
293 2035 386 2074 sine
418 2032 552 2073 altero
584 2034 655 2072 vix
687 2032 869 2087 intelligi
896 2041 1021 2087 atque
1049 2033 1273 2086 dijudicari
1295 2035 1442 2088 possit.
1488 2032 1545 2074 Ut
1564 2044 1705 2076 autem

83 2110 226 2166 populi
257 2111 475 2163 cujusdam
509 2111 722 2164 cogitandi
751 2111 1043 2165 sentiendique
1074 2112 1282 2151 rationem
1312 2111 1444 2165 probe
1465 2112 1705 2166 perspicere

85 2198 211 2243 atque
242 2189 475 2241 dijudicare
504 2188 667 2242 possis,
708 2200 882 2227 necesse
913 2197 1001 2239 est,
1042 2198 1087 2230 ut
1113 2191 1208 2242 ejus
1240 2191 1392 2240 vitam,
1433 2203 1598 2239 mores,
1638 2190 1705 2228 in-

87 2267 254 2316 stituta,
290 2274 376 2307 tum
410 2280 553 2316 sacra,
597 2274 684 2306 tum
717 2263 880 2314 civilia,
920 2267 1005 2306 imo
1046 2276 1088 2306 et
1128 2276 1280 2308 terram
1313 2266 1584 2322 coelumque,
1625 2266 1703 2307 sub

85 2359 166 2398 quo
207 2345 344 2398 degit,
385 2342 515 2397 probe
553 2344 722 2397 cognita
759 2341 932 2384 habeas.
1003 2343 1147 2395 Quare
1176 2343 1286 2385 haud
1327 2345 1403 2385 abs
1436 2359 1482 2385 re
1521 2345 1701 2393 videtur,

83 2421 377 2462 Hebraeorum
417 2421 566 2469 vitam,
616 2434 780 2471 mores,
830 2421 1045 2472 instituta,
1091 2429 1245 2463 terram
1284 2422 1531 2476 coelumque
1578 2434 1701 2475 quam

85 2497 334 2538 brevissime
367 2499 676 2553 perstringere;
726 2498 835 2538 unde
867 2507 908 2539 et
947 2501 1072 2540 totius
1103 2498 1247 2555 populi
1277 2501 1319 2540 in
1351 2502 1620 2547 universum,
1661 2507 1702 2539 et

82 2576 300 2629 poetarum
331 2575 638 2616 Hebraicorum
671 2578 889 2631 speciatim
919 2578 1154 2633 cogitandi,
1185 2577 1391 2618 sentiendi
1422 2575 1701 2630 loquendique

84 2654 191 2693 ratio
222 2651 375 2693 clarior
408 2652 569 2692 evadet.
