1958 2947
406 177 459 213 De
488 176 630 223 origine
659 184 692 212 ec
721 176 842 212 causis
861 179 1007 224 poeseos
1036 176 1254 214 Hebraicae.
1645 176 1693 214 17

182 283 242 338 ΙΙ)
283 282 409 324 Haud
441 282 564 324 aliter
593 285 719 324 etiam
751 284 802 324 de
831 292 1067 325 ceterarum
1099 299 1265 335 rerum,
1305 294 1393 325 tum
1424 283 1695 336 naturalium,

72 371 162 404 tum
193 361 517 403 artificiosarum
551 362 728 411 notitia,
769 363 814 402 in
846 361 948 403 ,Τοῦτ’
971 361 1082 404 libro
1113 364 1367 418 conspicua,
1410 364 1696 404 statuendum.

72 440 203 491 Quis,
245 454 426 494 quaeso,
468 440 574 480 adeo
605 440 685 480 erit
715 440 1078 491 inconsideratus,
1122 450 1167 481 ut
1196 442 1306 482 ausit
1336 441 1586 492 adfirmare,
1626 455 1700 482 ne—

72 521 228 560 minem
260 517 581 568 Hebraeorum,
633 527 799 574 praeter
828 517 1023 569 Mosem,
1075 518 1245 560 illarum
1284 533 1425 560 rerum
1456 521 1699 575 cognitione

69 597 277 640 imbutum
308 595 453 637 fuisse.

182 708 259 764 Ill)
293 708 340 750 Si
371 722 518 749 verum
541 717 621 759 est,
662 710 773 764 quod
805 710 1081 760 contendunt,
1115 708 1274 750 nullam
1306 711 1349 750 in
1372 709 1473 751 ,Τοῦί
1497 709 1608 751 libro
1637 710 1701 751 le-

69 802 170 843 gum
201 786 488 828 Mosaicarum
528 788 649 840 injici
691 789 976 838 mentionem,
1023 787 1083 828 nil
1123 789 1174 828 de
1216 788 1358 843 populi
1389 788 1613 829 Israelitici
1645 804 1699 830 ex

70 864 267 920 Aegypto
297 866 565 920 migratione,
596 864 657 906 nil
688 866 740 906 de
769 865 1064 907 Hebraeorum
1095 866 1223 907 rebus
1254 869 1297 908 in
1329 868 1442 908 terra
1472 865 1702 908 cananae-51

71 946 203 999 gestis
229 946 428 998 reperiri,
462 946 530 985 vix
564 953 704 985 tamen
730 945 830 984 inde
855 946 1065 1000 sequitur,
1095 944 1249 986 librum
1279 944 1399 986 illum
1431 954 1527 985 ante
1559 943 1703 999 populi

72 1021 278 1062 Hebraici
309 1037 362 1063 ex
395 1023 590 1077 Aegypto
621 1023 917 1077 migrationem
962 1025 1247 1078 conscriptum
1286 1023 1434 1064 fuisse.
1508 1021 1702 1077 Namque

74 1108 115 1140 et
139 1100 314 1139 serioris
343 1100 440 1139 aevi
469 1108 618 1140 auctor
647 1114 716 1140 res
740 1098 835 1140 illas
859 1099 1031 1140 silentio
1055 1103 1189 1154 potuit
1215 1103 1467 1155 praeterire3
1499 1099 1568 1139 vel
1591 1101 1702 1154 quod

74 1178 243 1217 occasio
274 1190 346 1216 eas
378 1179 739 1218 commemorandi
770 1178 959 1229 deesset,
1012 1177 1082 1218 vel
1118 1177 1203 1219 alia
1245 1179 1424 1233 quadam
1465 1179 1517 1220 de
1561 1179 1703 1219 causa.

72 1253 132 1295 At
161 1268 260 1295 vero
288 1256 378 1308 jam
409 1257 603 1310 superius
636 1258 693 1308 (ξ.
716 1260 756 1307 3,
791 1255 862 1311 11.)
894 1257 1101 1297 monitum
1130 1257 1233 1308 fuit,
1264 1266 1306 1298 et
1328 1256 1447 1312 leges
1469 1256 1701 1305 Mosaicas,

75 1342 117 1373 et
148 1331 295 1387 populi
326 1332 533 1374 Hebraici
561 1333 813 1385 historiam,
861 1334 936 1376 sed
979 1336 1187 1376 seriorum
1225 1345 1487 1389 temporum,
1533 1337 1578 1376 in
1607 1336 1707 1376 ,Τοῦτ’

62 1410 185 1452 libro
216 1413 393 1465 respici3
428 1426 557 1468 quare
582 1426 847 1468 nequaquam
878 1421 977 1454 ante
1008 1412 1151 1468 populi
1180 1412 1404 1454 Israelitici
1433 1428 1486 1454 ex
1508 1413 1704 1468 Aegypto

76 1490 398 1543 migrationem,
446 1491 626 1545 proinde
666 1505 803 1546 neque
842 1494 887 1532 in
925 1505 1097 1533 secessu
1133 1491 1402 1533 Midianitico
1435 1492 1544 1534 liber
1572 1490 1646 1533 ille
1681 1506 1707 1532 a

77 1567 204 1609 illese
236 1568 445 1610 conscribi
475 1570 627 1624 potuit.

190 1680 353 1730 Vides,
396 1695 520 1735 quam
553 1680 735 1722 infirmis
768 1684 956 1723 nitantur
985 1685 1271 1737 argumentis,
1324 1686 1393 1739 qui
1423 1683 1523 1725 ,Τοῦτ’
1549 1683 1705 1724 librum

79 1760 129 1799 ad
164 1758 330 1799 Mosem
361 1768 578 1799 auctorem
609 1759 768 1800 referre
800 1769 1022 1802 conantur.
1092 1758 1241 1814 Neque
1280 1775 1330 1801 ea
1369 1763 1578 1802 sententia
1618 1760 1705 1802 ullo

81 1838 342 1891 antiquitatis
374 1835 615 1876 Hebraicae
647 1836 920 1878 confirmatur
960 1839 1218 1878 testimonio.
1288 1837 1456 1879 Etenim
1490 1853 1625 1895 neque
1663 1841 1706 1880 in

80 1914 276 1964 Veteris,
327 1928 461 1969 neque
498 1916 540 1955 in
572 1913 685 1955 Novi
719 1915 982 1956 Testamenti
1014 1916 1181 1970 scriptis
1214 1912 1346 1954 ullum
1383 1914 1563 1959 habetur
1593 1919 1705 1958 indi-

79 1995 205 2043 cium,
239 2007 292 2033 ex
315 2007 395 2048 quo
419 1991 615 2049 colligas‚‘
642 1981 807 2035 Mosem
828 1994 928 2036 ,Τοῦτ’
949 2005 1164 2035 auctorem
1191 1992 1242 2033 ab
1266 1992 1478 2035 Hebraeis
1501 1995 1704 2035 creditum

79 2071 225 2113 fuisse.
294 2071 346 2111 Et
377 2072 565 2125 profecto
596 2074 633 2113 si
665 2070 1021 2114 celebratissimus
1061 2071 1134 2113 ille
1171 2070 1315 2126 populi
1356 2071 1581 2114 Israelitici
1620 2074 1706 2114 dux

81 2159 205 2204 atque
234 2150 474 2190 moderator
503 2149 657 2191 librum
688 2149 805 2191 illum
838 2153 1183 2206 conscripsisset,
1226 2165 1307 2190 non
1340 2149 1493 2205 liquet,
1527 2151 1609 2205 qua
1639 2165 1704 2191 ra-

82 2228 196 2267 tione
228 2240 280 2267 ea
309 2241 377 2268 res
407 2241 462 2268 ex
492 2227 713 2269 hominum
744 2229 948 2270 memoria
978 2231 1145 2283 penitus
1177 2230 1358 2283 potuerit
1391 2242 1659 2269 evanescere.

819 2379 856 2426 ξ.
889 2374 967 2416 VI.

199 2475 465 2515 Examinatis
491 2485 615 2531 atque
643 2479 812 2531 rejectis
837 2476 1006 2518 illorum
1032 2478 1311 2532 argumentis,
1343 2479 1411 2532 qui
1434 2476 1533 2516 Jobc‘
1553 2475 1705 2515 librum

85 2552 153 2592 vel
184 2563 281 2593 ante
308 2553 498 2605 mosem,
536 2553 602 2593 vel
632 2568 657 2594 a
684 2554 810 2596 *Mose
839 2556 932 2610 ipso
965 2556 1245 2609 conscriptum
1275 2555 1406 2595 fuisse
1436 2554 1707 2604 contendunt,

85 2640 306 2685 superest,
340 2640 386 2671 ut
417 2632 711 2683 ostendamus,
743 2632 896 2674 librum
927 2631 1046 2673 illum
1078 2648 1115 2673 m
1136 2632 1218 2673 ‚itis
1245 2641 1336 2686 post
1357 2631 1498 2672 Mos-ts
1527 2641 1706 2672 aetatem

86 2708 268 2760 seculis,
320 2719 387 2760 et,
437 2711 517 2750 nisi
560 2708 764 2759 fallimur,
816 2713 1021 2764 proximis
1056 2721 1151 2751 ante
1192 2710 1365 2750 exilium
1401 2707 1705 2761 Babylonicum

1353 2791 1376 2826 2
