1968 3095
156 202 238 240 268
750 198 844 235 Pars
872 197 938 236 ιν.
1009 198 1100 247 cap.
1130 197 1203 234 111.

157 312 241 361 ris,
280 310 403 351 sicuti
432 306 597 349 Graeca
628 315 753 362 atque
782 305 1002 356 Romana,
1043 308 1104 349 ita
1134 304 1320 348 Arabica
1359 316 1525 358 quoque
1559 306 1676 359 poesi
1705 305 1783 347 im·

159 389 399 431 bueremur.

825 479 862 528 s
914 474 1116 517 CXLVL

271 569 444 609 Praeter
466 568 682 607 metricam
706 567 939 607 carminum
966 575 1218 607 structuram
1239 563 1431 605 Arabum
1453 565 1595 618 poesis
1615 562 1668 604 ab
1691 561 1783 603 He—

159 646 304 689 braica
345 656 386 686 et
420 644 614 699 rhythmo
645 644 792 695 finali
822 645 987 694 differt,
1031 658 1154 700 quem
1197 641 1272 683 illa
1309 651 1550 683 constanter
1587 641 1785 690 admittit,

156 725 263 766 haec
302 738 405 765 vero
433 722 501 764 vel
530 724 703 764 omnino
740 724 922 777 respuit,
963 720 1033 762 vel
1074 736 1219 776 parum
1255 729 1383 762 curat.
1453 719 1580 761 Haud
1618 718 1786 776 quidem

158 804 312 844 desunt
347 800 571 857 exempla,
611 815 634 841 e
666 800 817 856 quibus
854 799 999 856 colligi
1036 801 1193 855 possit,
1233 809 1275 840 et
1302 798 1599 839 Hebraeorum
1638 801 1785 852 poetas

158 881 348 935 rhythmi
385 879 529 921 finalis
561 878 746 934 aliquam
789 878 989 919 habuisse
1029 880 1260 925 rationem3
1305 890 1449 918 verum
1491 891 1585 918 cum
1622 873 1786 917 nullum

159 961 332 1001 omnino
375 959 563 1013 supersit
604 963 780 1013 poeseos
825 955 1065 997 Hebraicae
1104 958 1342 1011 specimen,
1392 956 1502 1012 quod
1542 962 1786 996 constanter

159 1038 358 1092 certaque
377 1034 472 1090 lege
495 1035 737 1089 rhythmum
759 1033 932 1075 finalem
953 1033 1130 1084 referat,
1163 1035 1319 1075 rectius
1340 1043 1515 1085 statuas,
1544 1033 1786 1087 rhythmum

158 1113 303 1164 illum,
334 1113 472 1155 sicubi
497 1115 540 1154 in
564 1114 822 1154 carminibus
841 1112 1067 1153 Hebraicis
1099 1114 1306 1164 occurrit,
1339 1114 1455 1153 casui
1472 1114 1632 1167 potius,
1662 1125 1786 1166 quam

158 1198 307 1248 poetae
330 1191 509 1234 consilio
539 1192 811 1233 tribuendum
841 1205 948 1234 esse.
1010 1189 1158 1245 Neque
1188 1189 1334 1245 lingua
1356 1189 1570 1231 Hebraica
1597 1190 1788 1232 forman-

160 1271 226 1311 dis
254 1269 462 1324 rhythmis
491 1279 590 1326 apta
619 1271 726 1311 adeo
755 1270 861 1320 fuit,
894 1283 1018 1324 quam
1043 1268 1248 1320 Arabica,
1281 1283 1387 1324 quae
1415 1270 1532 1310 tanta
1556 1267 1781 1318 vocalium,

159 1350 275 1389 tanta
306 1330 544 1389 ‘formarum
589 1349 769 1389 eundem
811 1350 854 1389 in
893 1349 1064 1388 modum
1103 1348 1411 1397 desinentium,
1451 1349 1566 1387 tanta
1605 1347 1785 1402 deniqne

160 1425 364 1467 similium
395 1424 698 1466 vocabulorum
735 1425 921 1465 abundat
951 1426 1099 1479 copia,
1132 1425 1287 1479 quanta
1322 1426 1392 1465 vix
1426 1423 1512 1465 ulla
1544 1424 1784 1479 linguarum

159 1504 203 1544 in
237 1504 411 1544 orientis
445 1501 509 1542 vel
544 1503 775 1543 occidentis
807 1504 893 1543 oris
930 1503 1178 1556 vigentium.
1247 1501 1341 1542 Hac
1375 1501 1547 1557 linguae
1576 1490 1786 1544 Arabicae

161 1581 312 1622 natura
332 1580 425 1621 fieri
451 1579 561 1620 haud
587 1581 744 1634 potuit,
778 1580 876 1634 quin
898 1580 953 1629 ii,
986 1580 1057 1634 qui
1085 1581 1274 1620 ornatius
1300 1580 1440 1620 dicere
1465 1579 1645 1630 vellent,
1675 1579 1785 1621 ultro

160 1658 250 1699 fere
274 1659 326 1698 ad
350 1656 570 1711 rhythmos
592 1657 880 1705 deferrentur3
912 1658 1023 1698 unde
1052 1659 1217 1708 evenit,
1249 1666 1295 1698 ut
1324 1671 1407 1698 non
1438 1666 1599 1698 tantum
1623 1659 1666 1698 in
1690 1671 1784 1698 car-

159 1735 370 1787 minibus,
404 1748 548 1775 verum
579 1737 705 1775 etiam
737 1736 779 1775 in
809 1733 951 1776 soluta
980 1737 1197 1787 oratione,
1227 1736 1392 1789 quoties
1414 1748 1467 1792 ea
1489 1734 1616 1777 altius
1643 1736 1785 1776 insur-

160 1821 299 1869 geret,
331 1812 553 1867 rhythmus
579 1813 864 1856 adhiberetur.

821 1941 860 1988 t
908 1936 1132 1980 cxnvn.

280 2024 336 2066 Ut
373 2026 545 2064 metrica
594 2027 825 2065 carminum
867 2027 1079 2066 structura
1120 2024 1402 2079 rhythmoque
1436 2022 1555 2065 finali
1598 2024 1785 2067 Arabum

165 2105 305 2160 poesis
325 2102 378 2143 ab
405 2101 619 2142 Hebraica
644 2103 809 2153 differt,
841 2105 902 2144 ita
924 2107 1326 2158 paronomasiarum
1347 2116 1448 2152 usu,
1479 2102 1786 2158 verborumque

164 2181 327 2222 lusc'bns
349 2194 441 2220 cum
468 2180 519 2219 ea
547 2182 767 2221 consentit.
828 2179 1060 2235 Utriusque
1087 2183 1226 2235 gentis
1262 2187 1435 2235 poetae,
1466 2181 1651 2221 maxime
1684 2193 1784 2221 vero

167 2261 446 2307 recentiores,
492 2265 533 2296 et
572 2260 900 2311 paronomasfis,
941 2269 980 2298 et
1012 2259 1238 2300 verborum
1280 2258 1444 2300 lusibus
1482 2259 1672 2312 apprime
1711 2258 1785 2298 de-

166 2335 385 2377 lectantur.
444 2333 608 2374 Verum
638 2344 678 2375 et
707 2337 749 2376 in
776 2336 922 2377 harum
953 2336 1182 2392 figurarum
1209 2351 1287 2378 usu
1308 2337 1494 2390 adparet,
1527 2346 1725 2390 quantum
1742 2345 1785 2376 et

166 2414 313 2469 lingua
337 2412 519 2453 Arabica
540 2412 795 2454 Hebraicam
830 2414 1031 2455 similium
1058 2413 1357 2454 vocabulorum
1390 2415 1536 2467 copia,
1567 2423 1607 2454 et
1637 2419 1786 2468 potitae

166 2490 330 2531 Arabes
355 2489 576 2530 Hebraeos
606 2490 785 2530 artificio
815 2501 1029 2544 superent.
1089 2490 1282 2544 Namque
1312 2493 1354 2532 in
1376 2491 1669 2532 Hebraeorum
1696 2505 1787 2532 cat·-

168 2567 353 2607 minibus
379 2569 699 2620 paronomasiae
726 2568 1030 2623 verborumque
1053 2568 1171 2609 lusus
1194 2570 1362 2609 nonnisi
1387 2571 1540 2622 passim
1566 2570 1788 2609 inveniun-

169 2653 258 2692 tur3
301 2653 342 2683 at
372 2657 471 2683 vero
509 2643 635 2683 adeas
666 2644 896 2686 Hara'rium
937 2647 1323 2701 Arabaadeuque,
1368 2655 1522 2700 quanta
1553 2644 1785 2700 figurarum

169 2720 334 2762 illarum
358 2722 465 2775 apud
488 2731 707 2776 utrumque
731 2733 942 2764 auctorem
965 2725 1104 2778 copia!
1143 2724 1285 2765 'Pania
1307 2724 1507 2778 profecto,
1541 2733 1585 2764 ut
1605 2725 1788 2764 incertus
