1968 3095
219 201 271 239 62
838 201 931 238 Pars
961 201 1015 238 11.
1077 201 1168 250 Cap.
1199 201 1231 237 Ι.

216 309 464 353 insimulent
491 310 570 362 ⁵⁷).
630 308 751 358 Quae
780 323 876 350 cum
901 310 963 350 ita
984 310 1086 360 sint,
1118 323 1319 365 perquam
1345 307 1578 351 verisimile
1606 319 1706 361 est,
1734 324 1849 353 ama·

217 403 379 440 torem,
423 390 475 429 de
507 402 589 443 quo
620 389 664 429 in
698 392 870 430 cantico
902 393 1167 430 canticorum
1198 390 1360 444 agitur,
1408 390 1540 431 Jovae
1570 386 1638 429 vel
1671 385 1847 440 Christi,

217 480 258 512 et
288 468 532 510 amatricem
563 466 706 523 populi
732 467 960 518 Hebraici,
990 466 1058 508 vel
1089 466 1294 509 ecclesiae
1326 466 1596 508 Christianae
1625 481 1848 522 personam

216 550 441 591 sustinere.
502 544 583 587 Cui
614 548 849 587 sententiae
871 548 1011 601 majus
1041 546 1180 587 adbuc
1209 547 1307 587 inde
1334 547 1497 587 accedit
1520 546 1706 600 pondus,
1737 547 1851 602 quod

216 636 259 668 et
288 627 569 668 recentiorum
609 631 831 680 poetarum
863 625 1174 676 Asiaticorum,
1216 627 1343 679 inque
1385 627 1532 680 primis
1566 624 1848 676 Persicorum,

215 703 475 748 carminibus
506 706 722 745 amatoriis
752 718 876 760 quam
909 706 1159 758 saepissime
1190 703 1467 758 allegoricus,
1517 705 1607 744 sive
1647 705 1849 757 mysticus

216 798 367 826 sensus
397 784 539 823 inesse
574 783 748 824 videtur.
821 782 906 837 ΙΙΙ)
947 782 991 823 Si
1025 784 1198 837 proprio
1229 787 1397 823 emelim*
1425 786 1691 823 canticorum
1720 796 1849 823 sensu

218 863 489 917 adquiescas,
523 861 646 917 plura
676 864 885 917 reperies,
920 876 1028 917 quae
1060 860 1127 901 vel
1159 860 1408 902 difficillime
1440 861 1751 915 expediuntur,
1783 859 1851 900 vel

218 940 403 982 absurda
433 943 608 982 omnino
644 943 853 982 videntur.
915 938 1035 988 Quae
1068 954 1158 994 cap.
1191 939 1233 989 I,
1264 943 1316 990 6,
1356 938 1441 989 ΙΙΙ,
1474 943 1638 990 2-4,
1677 922 1852 980 ηειὼιιι-1

217 1029 298 1069 tur,
331 1018 514 1074 puellam
537 1033 562 1060 a
583 1019 787 1061 fratribus
809 1021 899 1060 suis
925 1021 1144 1059 vinearum
1171 1018 1385 1058 custodem
1409 1019 1677 1058 constitutam
1700 1017 1850 1068 fuisse,

218 1106 342 1139 noctu
376 1098 524 1139 urbem
564 1113 841 1153 peragrasse,
887 1100 1089 1151 juvenem
1121 1097 1360 1136 adamatum
1395 1110 1478 1150 quo
1508 1098 1743 1147 inveniret,
1787 1097 1852 1138 iu-

217 1186 475 1232 ventumque
506 1178 548 1218 in
581 1180 728 1218 matris
754 1192 856 1218 suae
879 1175 1080 1217 conclave
1105 1175 1361 1224 deduxisse,
1395 1173 1499 1215 haec
1521 1176 1604 1215 nisi
1623 1173 1852 1230 allegorice

217 1257 503 1311 accipiantur,
536 1270 799 1311 nequaquam
824 1270 919 1296 cum
942 1253 1238 1294 Hebraeorum
1270 1252 1459 1293 moribus
1491 1262 1614 1308 atque
1645 1255 1851 1295 institutis

219 1336 415 1389 componi
448 1344 638 1388 possunt.
698 1334 780 1374 His
812 1334 945 1381 adde,
978 1344 1083 1386 quae
1115 1345 1206 1385 cap.
1229 1329 1311 1379 ΙΙΙ,
1346 1334 1395 1379 6,
1429 1329 1507 1380 IV,
1540 1335 1590 1381 8,
1631 1330 1848 1387 leguntur,

218 1411 401 1467 puellam
443 1426 498 1453 ex
541 1414 735 1462 deserto,
786 1412 890 1452 fumi
923 1409 1212 1450 columnarum
1254 1410 1410 1460 instar,
1462 1410 1744 1461 adscendere,
1794 1425 1850 1452 ex

217 1492 419 1533 Amanae
451 1493 624 1541 vertice,
659 1489 812 1537 Senirz‘
830 1498 870 1529 et
890 1490 1124 1530 Hermonis
1153 1489 1386 1538 cacumine,
1419 1502 1473 1528 ex
1504 1486 1673 1529 leonum
1705 1487 1852 1531 lustris

217 1571 530 1625 pardornmque
563 1570 777 1610 montibus
818 1570 1086 1623 prospicere,
1133 1577 1174 1608 et
1204 1576 1318 1619 cet.,
1362 1581 1468 1622 quae
1504 1569 1671 1617 omnia,
1721 1581 1850 1609 sensu

218 1650 387 1703 proprio
427 1656 630 1702 accepta,
676 1649 846 1689 nonnisi
889 1655 1078 1687 monstra
1117 1647 1325 1686 videntur.
1370 1669 1425 1675 —
1479 1644 1561 1686 His
1601 1647 1852 1700 praeprimis

218 1736 390 1768 utuntur
420 1726 680 1775 rationibus,
733 1728 802 1782 qui
840 1731 1054 1767 cauticum
1089 1730 1354 1767 canticorum
1385 1722 1614 1779 allegorice
1644 1726 1853 1780 interpre-

219 1806 392 1846 tandum
424 1815 624 1859 censent‚·
656 1806 809 1860 quibus
841 1814 1010 1855 tamen,
1044 1805 1296 1845 contrariam
1329 1804 1399 1856 qui
1428 1812 1661 1858 sequuntur
1682 1811 1850 1844 senten-

218 1887 344 1935 tiam,
398 1883 502 1923 haec
534 1883 623 1923 fere
655 1892 896 1938 opponunt:
955 1883 994 1934 1)
1026 1883 1073 1923 In
1107 1881 1349 1935 redigendis
1382 1879 1554 1920 Veteris
1585 1880 1853 1922 Testamenti

220 1961 341 2002 libris
382 1963 422 2002 id
457 1971 688 2016 spectatum
722 1962 878 2009 fnisse,
930 1970 975 2000 nt
1016 1962 1183 2001 nonnisi
1225 1961 1253 1999 ii
1294 1960 1642 2008 admitterentur,
1691 1961 1758 2015 qui
1799 1960 1852 2000 ad

220 2040 470 2096 religionem
503 2043 783 2095 pertinerent,
830 2039 1000 2093 probari
1033 2052 1292 2094 nequaquam
1326 2046 1475 2091 potest.
1550 2036 1710 2078 Contra
1739 2036 1853 2079 haud

221 2135 354 2176 pauca
385 2123 427 2161 in
462 2119 612 2160 Veteri
643 2117 918 2159 Testamento
950 2120 1244 2168 continentur,
1278 2130 1382 2171 quae
1415 2117 1487 2156 vix
1518 2115 1570 2156 ad
1602 2115 1853 2172 religionem

221 2200 368 2240 referri
410 2208 601 2254 possunt.
682 2196 865 2238 Omissis
905 2196 1084 2252 singulis
1133 2196 1264 2246 locis,
1312 2194 1494 2236 sufficiat
1536 2192 1692 2237 librum
1731 2194 1854 2237 Ruth

221 2281 484 2326 nominasse,
520 2279 588 2332 qui
617 2277 726 2317 hand
759 2278 916 2331 magis,
950 2291 1071 2331 (piam
1101 2280 1314 2316 canticum
1345 2278 1636 2323 canticorum,
1670 2274 1721 2314 ad
1751 2272 1852 2314 reli-

222 2357 391 2411 gionem
437 2359 645 2410 pertinere
690 2357 925 2396 censendus
967 2365 1044 2396 est.
1116 2354 1229 2395 Hinc
1269 2351 1467 2406 colligaS,
1519 2365 1602 2392 non
1643 2366 1716 2393 eos
1746 2352 1853 2393 adeo

223 2432 376 2484 libros,
422 2437 491 2489 qui
533 2437 583 2475 ad
624 2434 871 2490 religionem
908 2434 1196 2488 pertinebant,
1236 2446 1359 2486 quam
1393 2430 1513 2480 illos,
1553 2432 1623 2485 qui
1655 2432 1853 2485 genuinis

224 2515 487 2568 antiquitatis
521 2513 760 2553 llebraicae
793 2514 1074 2553 monumentis
1104 2510 1460 2560 accensebantur‚
1496 2512 1538 2550 in
1572 2508 1742 2550 Veteris
1769 2507 1854 2550 Te-

224 2594 420 2632 stamenti
452 2607 601 2646 corpus
640 2601 833 2644 receptos
874 2591 1021 2631 fuisse.
1091 2591 1174 2630 Sed
1214 2591 1492 2639 concedatur,
1540 2591 1582 2629 in
1620 2588 1853 2642 redigendo

282 2751 356 2799 57)
387 2754 530 2790 ,let-em.
564 2753 642 2797 ΙΙΙ,
673 2754 724 2796 ὅ,
754 2753 801 2793 93
845 2752 986 2788 lsszecir.
1013 2751 1125 2795 xvh
1162 2751 1254 2788 lios.
1280 2751 1321 2787 U
1342 2752 1368 2787 Ι.
1398 2750 1436 2787 4.
