1958 2947
816 110 1066 173 Comparuto‘o.
1207 122 1209 124 ’
1698 120 1750 158 57

125 240 298 289 gerent3
332 231 441 287 apud
470 229 636 271 Arabes
662 239 808 272 contra
833 246 907 282 eo,
937 241 983 272 ut
1013 231 1189 273 eandem
1221 238 1353 271 artem
1383 228 1508 271 rebus
1539 227 1751 278 humanis,

125 312 311 353 maxime
341 324 443 351 vero
474 307 664 359 bellicis,
696 309 957 351 addicerent.

735 611 996 658 Pars
1044 611 1140 657 ΙΙ.

221 732 274 767 De
304 735 517 778 aryamenlo
547 730 770 776 diversisque
797 730 988 776 qeneribus
1017 729 1223 766 carminum
1254 729 1519 767 Hebraicorum
1550 737 1657 776 atquc

812 806 1066 845 Arabicorum.

767 936 995 982 θαι).
1063 937 1107 973 1.

321 1028 372 1062 De
398 1033 598 1071 argumento
627 1028 844 1072 diversisque
872 1028 1056 1070 generibus
1083 1028 1266 1062 carminum
1293 1026 1550 1061 Hebraicorum.

790 1153 828 1202 ς.
870 1149 1081 1192 xxvui.

238 1249 345 1292 Cum
377 1252 514 1292 omnis
545 1249 840 1291 Hebraeorum
874 1265 942 1292 res
980 1250 1200 1302 literaria,
1242 1252 1370 1307 inque
1410 1252 1556 1306 primis
1596 1253 1750 1307 poesis,

125 1331 249 1373 sicuti
280 1332 477 1385 superius
499 1330 854 1380 demonstratum,
886 1343 979 1369 cum
1009 1328 1215 1385 religione
1247 1331 1594 1383 conjunctissima
1626 1338 1753 1380 esset,

127 1409 239 1450 haud
271 1409 525 1461 mirandum,
559 1410 786 1449 maximam
822 1409 1054 1449 carminum
1084 1407 1395 1448 Hebraicornm
1423 1416 1587 1462 partem
1609 1409 1660 1449 ad
1686 1423 1754 1449 res

119 1501 263 1529 sacras
294 1501 540 1542 morumque
572 1488 876 1528 institutionem
908 1488 1134 1541 pertinere.
1195 1485 1339 1535 Quare
1369 1489 1529 1541 optimo
1557 1488 1670 1540 jure,
1709 1485 1750 1525 id

124 1567 235 1622 quod
265 1565 484 1608 Robertus
514 1565 668 1606 Lowtk
697 1563 852 1620 aliique
882 1564 1047 1615 fecere,
1078 1564 1373 1606 Hebraeorum
1405 1567 1555 1618 poesin
1587 1578 1754 1604 sacram

127 1646 304 1686 dixeris.
374 1642 510 1696 Cujus
542 1657 635 1684 cum
667 1657 801 1698 pauca
829 1652 988 1683 tantum
1022 1644 1234 1697 supersint
1263 1644 1546 1692 monimenta,
1585 1641 1755 1695 juvabit

128 1723 181 1764 ad
212 1724 463 1778 penitiorem
495 1722 560 1762 rei
592 1722 876 1776 cognitionem
915 1719 1177 1775 singulorum
1216 1719 1420 1761 librorum
1458 1729 1753 1775 argumentum

127 1813 365 1841 recensere.
423 1798 595 1840 Initium
627 1814 651 1839 a
673 1801 932 1854 psalmorum
954 1797 1209 1853 anthologia
1239 1800 1469 1849 faciemus,
1501 1811 1607 1852 quae
1633 1800 1753 1851 quin-

130 1891 210 1933 que
239 1877 365 1919 libris
396 1884 563 1919 centum
600 1882 921 1933 quinquaginta
961 1880 1155 1917 continet
1188 1881 1395 1918 carmina.
1464 1875 1628 1916 Horum
1661 1889 1754 1914 car-

124 1957 286 1997 minum
324 1957 491 1997 diversa
531 1965 792 2010 argumenta.
867 1955 999 2007 Sunt,
1048 1969 1154 2010 quae
1197 1957 1382 1996 numinis
1426 1955 1557 1995 divini
1605 1954 1752 1994 laudes

127 2033 364 2084 celebrent,
397 2036 575 2089 ejusque
602 2035 896 2087 majestatem,
929 2035 1178 2088 sapientiam
1203 2043 1327 2089 atque
1349 2033 1654 2089 benignitatem
1688 2029 1756 2071 vel

128 2126 183 2153 ex
214 2113 416 2153 universa
449 2126 589 2152 rerum
621 2111 793 2162 natura,
836 2111 902 2151 vel
932 2126 987 2152 ex
1015 2111 1234 2153 beneficiis
1264 2113 1308 2152 in
1339 2110 1536 2167 populum
1568 2109 1756 2150 Hebrai-

131 2204 226 2231 cum
257 2189 447 2240 collatis,
484 2188 548 2230 vel
582 2204 636 2230 ex
668 2187 830 2229 auxilio
858 2189 1037 2245 singulis
1065 2190 1335 2240 hominibus,
1379 2189 1523 2245 probis
1553 2189 1753 2237 maxime,

129 2267 417 2323 improborum
440 2267 645 2309 violentia
667 2269 895 2322 oppressis,
928 2270 1144 2322 praestito,
1175 2269 1431 2322 praedicent.
1493 2268 1615 2316 Sunt,
1648 2279 1754 2320 quae

132 2347 262 2388 animi
292 2347 351 2401 pii
381 2360 557 2399 sensus,
589 2360 803 2397 amorem,
836 2360 952 2401 spem
983 2356 1106 2401 atque
1136 2345 1334 2387 fiduciam
1369 2349 1410 2387 in
1444 2345 1582 2386 Deum
1615 2343 1755 2396 expri-

128 2434 267 2472 1nant3
310 2423 375 2464 vel
406 2426 531 2464 etiam
568 2426 619 2466 de
651 2426 777 2466 rebus
809 2425 991 2476 divinis,
1030 2426 1190 2479 iisque,
1230 2439 1335 2479 quae
1364 2424 1418 2464 ad
1450 2436 1613 2464 morum
1645 2422 1755 2460 inte-

127 2505 322 2557 gritatem
353 2511 478 2557 atque
508 2503 756 2556 probitatem
789 2506 1024 2558 pertinent,
1064 2504 1341 2558 praecipiant.
1405 2500 1553 2556 Neque
1585 2500 1751 2549 desunt,

128 2580 172 2621 in
197 2580 347 2635 quibus
371 2582 527 2621 montis
547 2582 677 2622 Jovae
699 2583 851 2631 dicati,
887 2581 1062 2633 Zz‘om's,
1093 2580 1344 2636 templique,
1378 2578 1444 2618 vel
1476 2579 1589 2632 regis
1619 2576 1754 2618 Israe-

131 2655 237 2699 litici
269 2659 450 2713 dignitas
482 2658 705 2710 efferatur,
747 2659 812 2700 vel
846 2659 984 2714 populi
1016 2659 1219 2701 Hebraici
1251 2672 1318 2699 res
1350 2654 1646 2698 memorabiles
1677 2669 1754 2696 ex—
