1989 3042
494 182 548 218 De
577 183 720 229 origine
747 189 778 219 et
809 183 930 219 causis
952 185 1099 230 poeseos
1130 182 1345 220 Hebraicae.
1728 183 1750 219 7

124 289 436 345 anteponenda;
465 287 640 338 accedit,
673 291 782 344 quod
804 298 846 330 et
876 288 1049 331 verbum
1077 288 1294 346 singulare
1323 299 1449 333 :zmn
1481 289 1743 346 singularem

129 369 313 409 nominis
343 380 562 408 numerum
592 367 808 421 requirere
841 368 1035 409 videatur
1071 372 1125 421 7).

864 492 902 541 §-
946 488 1018 530 111.

236 578 319 619 His
357 578 446 619 fere
485 580 674 620 nituntur
712 580 1010 633 argumentis,
1072 580 1140 632 qui
1181 577 1287 619 Joba·
1330 577 1485 619 librum
1524 580 1614 632 jam
1653 588 1750 620 ante

127 656 267 698 Illosz's
296 665 476 698 aetatem
508 657 784 709 compositum
808 655 940 696 fuisse
963 657 1237 697 contendunt.
1296 655 1353 696 At
1377 670 1478 697 vero
1502 668 1750 711 argumenta

127 733 201 775 illa
233 733 348 775 facili
378 735 549 790 negotio
587 735 765 789 infringi
803 747 929 788 posse
967 734 1177 775 videntur.
1246 732 1440 789 Namque
1478 737 1630 776 merito
1673 750 1746 790 op-

124 825 281 866 ponas:

235 889 274 943 I)
316 888 440 938 Quod
470 890 508 929 si
538 903 584 929 re
617 902 716 930 vera
755 889 797 929 in
832 888 941 930 Jobz·
973 888 1084 930 libro
1122 892 1420 946 antiquissima
1459 891 1623 944 depicta
1664 891 1748 931 sint

126 976 342 1022 tempora,
385 969 455 1007 vix
496 975 635 1007 tamen
668 967 766 1007 inde
799 968 1011 1022 sequitur,
1063 978 1280 1009 auctorem
1311 967 1412 1009 libri
1443 969 1749 1023 antiquissimis

123 1043 207 1086 illis
237 1047 398 1086 vixisse
427 1045 698 1099 temporibus.
758 1043 950 1099 Namque
984 1056 1024 1086 et
1049 1047 1223 1087 serioris
1254 1048 1349 1086 aevi
1378 1047 1557 1100 scriptor
1587 1048 1747 1101 prisco-

122 1136 215 1162 rum
258 1132 494 1177 temporum
540 1136 680 1163 mores
730 1123 958 1176 depingere
1008 1125 1170 1177 potuit,
1218 1125 1304 1163 imo
1346 1123 1517 1173 debuit,
1570 1125 1607 1164 si
1645 1122 1745 1165 libri

121 1201 296 1240 materia
317 1214 340 1239 e
369 1202 522 1254 priscis
549 1198 636 1239 illis
659 1199 917 1253 temporibus
941 1201 1119 1253 repetita
1139 1209 1264 1242 esset.
1326 1200 1409 1241 Sed
1440 1214 1668 1256 negamus,
1700 1203 1744 1242 in

119 1276 225 1318 Jobz·
258 1276 369 1318 libro
409 1278 553 1318 omnia
594 1291 801 1318 summam
847 1276 1039 1318 redolere
1082 1279 1388 1332 antiquitatem.
1465 1278 1588 1318 Licet
1630 1280 1743 1319 enim

119 1354 278 1406 Jobus,
319 1357 449 1409 patris
490 1353 677 1395 familiae
718 1369 943 1410 personam
978 1357 1218 1407 sustinens,
1258 1371 1335 1410 pro
1365 1365 1601 1409 temporum
1631 1357 1742 1397 anti-

81 1427 83 1429 *
120 1435 417 1487 quissimorum
461 1447 578 1473 more
616 1434 709 1487 ipse
747 1446 868 1473 sacra
899 1433 1050 1485 faciat,
1103 1442 1243 1473 tamen
1285 1447 1502 1488 perperam
1545 1436 1739 1484 sumitur,

118 1509 217 1551 libri
248 1513 409 1552 auctori
439 1511 704 1551 sacerdotum
736 1511 926 1551 ordinem
957 1511 1070 1552 haud
1100 1511 1232 1552 fuisse
1271 1513 1499 1566 cognitum.
1570 1511 1741 1552 Etenim

119 1590 190 1642 qui
221 1603 309 1643 cap.
340 1588 454 1638 XII,
491 1592 569 1639 19,
611 1598 898 1628 memorantur
937 1599 1064 1633 mm:
1106 1602 1191 1629 non
1224 1594 1453 1644 potentes,
1496 1595 1739 1643 magnates,

119 1678 264 1706 verum
310 1667 558 1708 sacerdotes
603 1668 816 1707 denotant.
898 1667 1134 1707 Provocant
1175 1666 1373 1721 quidem,
1434 1668 1505 1721 qui
1555 1668 1738 1720 priorem

118 1752 291 1783 tuentur
322 1744 704 1799 significationem,
746 1745 797 1784 ad
831 1743 1082 1784 vocabulum
1114 1755 1279 1794 0³:0³⁸,
1329 1744 1437 1797 quod
1469 1744 1738 1796 praecedenti

119 1831 242 1864 nux-t:
285 1823 328 1861 in
363 1820 498 1861 altero
531 1821 799 1863 hemistichio
830 1821 1082 1875 respondet,
1123 1819 1333 1874 dubioque
1365 1817 1511 1873 procul
1534 1826 1739 1874 potentes

120 1898 345 1956 significat.
386 1897 445 1939 At
468 1914 567 1939 vero
595 1914 649 1940 ex
678 1898 955 1954 parallelismi
980 1897 1146 1953 legibus
1179 1912 1262 1937 non
1291 1898 1480 1950 ejusdem
1512 1896 1639 1952 plane
1665 1913 1738 1939 no-

119 1979 248 2018 tionis
278 1979 503 2031 requiritur
529 1979 745 2031 repetiti03
777 1977 954 2027 sufficit,
987 1978 1022 2016 si
1048 1986 1251 2030 cognatae
1277 1974 1519 2029 similesque
1543 1977 1738 2016 notiones

120 2054 203 2096 sibi
241 2055 535 2108 respondeant.
613 2055 704 2095 Jam
749 2069 848 2095 vero
889 2054 1158 2095 sacerdotum
1194 2059 1500 2108 potentumque
1541 2055 1738 2094 notiones

121 2141 322 2187 cognatas
347 2146 465 2180 esse,
498 2145 621 2172 nemo
653 2129 845 2187 negabit,
879 2134 947 2186 qui
972 2133 1235 2181 meminerit,
1268 2139 1468 2185 quantum
1499 2131 1738 2170 sacerdotes

120 2211 230 2264 apud
270 2209 493 2249 Hebraeos
545 2208 783 2263 polluerint.
862 2208 1005 2257 Quare
1046 2211 1089 2249 in
1129 2208 1222 2248 loco
1270 2207 1440 2248 laudato
1491 2206 1739 2248 sacerdotes

120 2289 275 2341 optime
306 2287 564 2341 respondent
589 2286 864 2341 potentibus,
896 2301 1033 2343 neque
1063 2285 1150 2326 ulla
1172 2286 1295 2326 adest
1325 2286 1459 2335 ratio,
1491 2298 1565 2324 cur
1595 2299 1619 2323 a
1648 2284 1739 2324 vul-

118 2366 211 2418 gari
242 2364 437 2405 vocabuli
463 2376 544 2419 3³:
577 2364 888 2420 significatione
920 2365 1222 2404 discedendum
1251 2365 1318 2403 sit.
1385 2361 1586 2411 Accedit,
1628 2362 1737 2415 quod

122 2441 261 2482 nullus
301 2445 343 2482 in
385 2444 626 2483 universum
665 2445 707 2482 in
738 2442 888 2482 Veteri
920 2441 1194 2482 Testamento
1234 2441 1438 2481 habeatur
1477 2438 1620 2487 locus,
1667 2439 1735 2491 qui

121 2529 293 2574 arguat,
335 2520 540 2561 vocabulo
574 2520 662 2570 illi,
706 2530 870 2575 praeter
900 2519 1141 2561 sacerdotis
1170 2517 1548 2573 significationem,
1591 2524 1632 2555 et
1656 2528 1737 2568 po-

177 2697 222 2747 7)
264 2698 483 2737 Bertholdti
514 2699 657 2756 introd.
689 2699 734 2737 Ρ.
761 2700 802 2745 V,
838 2714 871 2749 p.
893 2697 1002 2736 2134
1025 2720 1070 2726 -
1093 2696 1216 2735 2140.
