1958 2947
824 120 1073 167 Comparatio.
1716 126 1737 163 5
1745 127 1767 164 5

821 230 856 277 ξ.
904 227 1054 270 XXV.

247 311 340 352 Hae
371 314 471 365 {fere
511 326 662 353 causae
701 314 995 356 Hebraeorum
1042 317 1313 373 Arabumque
1355 323 1471 374 poesi
1517 335 1761 365 communes

130 393 270 441 fuere,
305 391 383 431 etsi
415 390 581 430 diversa
612 390 872 446 aliquantum
908 397 1090 442 ratione3
1126 405 1169 435 at
1202 411 1299 437 vero
1334 400 1545 452 propriam
1579 405 1758 455 poeseos

133 468 371 510 Hebraicae
410 482 578 508 causam
620 468 774 510 cultum
814 471 1026 522 divinum,
1078 488 1168 513 cum
1213 484 1334 516 cantu
1379 478 1620 532 musiceque
1661 479 1757 521 lusu

128 550 398 602 conjunctum
429 548 661 588 existimes.
725 546 845 596 Quae
877 564 1004 590 causa
1036 550 1258 604 plurimum
1290 556 1341 594 ad
1372 561 1549 608 poeseos
1573 556 1757 598 Hebrai-

128 642 202 668 cae
247 626 434 668 indolem
482 624 650 675 valuit,
708 625 1019 682 plurimumque
1060 630 1316 671 discriminis
1348 634 1456 673 inter
1497 633 1752 676 Hebraicaut

126 707 433 760 Arabicamque
465 705 609 757 poesin
641 704 796 744 intulit.
857 705 958 747 Inde
990 709 1100 747 enim
1132 710 1292 758 evenit,
1326 719 1370 749 ut
1400 714 1750 764 praestantissimi

126 787 279 840 quique
306 783 602 824 Hebraeorum
634 788 782 836 poetae
813 785 952 824 studia
983 799 1058 825 sua
1081 800 1226 826 sacrae
1249 790 1365 841 poesi
1391 788 1601 836 dicarent3
1633 804 1749 831 nam-

125 876 204 916 que
236 861 347 901 haud
381 862 537 915 exiguo
569 860 718 900 honori
751 875 844 901 esse
876 862 1045 914 debuit,
1079 878 1127 903 ea
1152 866 1364 919 pepigisse
1397 866 1609 915 carmina,
1644 881 1750 921 quae

123 939 288 994 publice
320 942 361 980 in
396 940 580 979 numinis
613 940 745 979 divini
779 939 890 980 cultu
924 941 1186 983 decantanda
1217 952 1373 983 essent.
1433 943 1548 983 Hinc
1575 952 1614 983 et
1637 943 1749 984 cele-

123 1016 352 1057 bratissimi
384 1017 444 1058 illi
476 1017 773 1057 Hebraeorum
811 1033 932 1072 reges
965 1019 1119 1061 Dat-cd
1157 1032 1199 1060 et
1233 1020 1407 1061 salomo
1445 1035 1591 1062 sacrae
1632 1026 1745 1075 poesi

120 1109 289 1148 operam
325 1094 561 1147 navabant‚·
614 1110 788 1149 quorum
825 1095 1019 1149 exemplo
1061 1101 1218 1151 optima
1252 1113 1442 1153 quaeque
1483 1100 1655 1153 ingenia
1692 1100 1742 1140 ad

123 1174 232 1213 idem
264 1179 445 1227 poeseos
477 1187 611 1227 genus
643 1173 931 1214 trahebantur.
1004 1173 1169 1222 Quibus
1201 1179 1339 1217 causis
1376 1178 1531 1217 factum
1564 1185 1650 1228 est,
1699 1188 1743 1218 ut

119 1254 161 1292 in
185 1251 480 1292 Hebraeorum
510 1252 627 1305 poesi
657 1253 844 1291 carmina
871 1264 991 1291 sacra
1022 1254 1200 1306 primum
1232 1253 1371 1295 locum
1396 1263 1608 1303 tenerent,
1641 1254 1740 1295 reli-

118 1344 198 1384 qua
232 1344 331 1370 vero
360 1336 540 1384 poeseos
571 1342 728 1383 genera
758 1331 896 1370 minus
928 1333 1274 1380 aestimarentur,
1316 1332 1538 1385 minusque
1569 1330 1740 1371 excole-

117 1417 274 1449 rentur.
334 1409 484 1463 Longe
506 1407 629 1448 aliter
649 1408 755 1461 apud
777 1407 943 1449 Arabes
966 1423 1032 1449 res
1056 1423 1149 1449 sese
1173 1408 1336 1458 habuit,
1399 1407 1503 1449 Cum
1529 1411 1571 1449 in
1594 1423 1738 1450 eorum

116 1486 228 1528 cultu
269 1488 411 1527 divino
455 1488 573 1541 poesi
615 1484 754 1525 nullus
796 1485 913 1527 locus
954 1496 1091 1537 esset,
1144 1486 1269 1527 facile
1307 1486 1551 1542 intelligas,
1603 1502 1738 1542 neque

113 1568 245 1607 sacris
275 1565 534 1607 carminibus
564 1572 720 1604 tantam
750 1565 856 1618 apud
890 1579 964 1605 eos
993 1565 1125 1605 fuisse
1148 1565 1419 1619 dignitatem,
1454 1574 1607 1619 quanta
1628 1567 1736 1619 apud

115 1644 338 1685 Hebraeos
370 1644 463 1683 fuit.
533 1641 758 1695 Antiquior
788 1642 978 1682 Arabum
1019 1645 1161 1696 poesis
1196 1645 1377 1683 maxime
1410 1644 1450 1682 in
1483 1643 1736 1683 celebranda

113 1723 359 1763 fortitudine
400 1720 582 1770 bellica,
634 1721 844 1760 recentior
875 1722 917 1760 in
948 1720 1240 1773 praedicandis
1269 1723 1451 1760 virorum
1485 1722 1734 1774 principum,

116 1814 291 1855 quorum
333 1798 555 1840 beneficiis
593 1804 742 1852 poetae
782 1799 1033 1848 utebantur,
1083 1797 1278 1838 laudibus
1325 1807 1528 1839 versatur.
1608 1797 1734 1837 Haud

114 1881 281 1934 quidem
312 1879 465 1918 desunt
492 1876 705 1917 Arabibus
738 1878 925 1917 carmina
955 1890 1099 1925 sacra,
1152 1878 1243 1930 pios
1275 1878 1315 1915 in
1352 1890 1505 1916 numen
1538 1876 1726 1915 divinum

113 1973 287 2010 sensus,
320 1969 544 2010 rerumque
575 1956 880 1995 mundanarum
914 1963 1168 1995 contemtum
1202 1956 1419 2000 testantia;
1457 1967 1562 2008 quae
1594 1962 1731 1993 tamen

113 2051 248 2093 neque
274 2049 465 2084 numero,
496 2047 633 2088 neque
663 2035 809 2087 spiritu
844 2036 1006 2088 poetico
1037 2034 1209 2073 heroica
1241 2032 1312 2073 illa
1345 2042 1467 2087 atque
1499 2030 1734 2072 laudatoria

114 2117 301 2157 carmina
328 2115 613 2168 aequiparant.

789 2236 827 2283 ξ.
874 2233 1045 2275 XXVI.

224 2338 308 2378 sed
330 2346 371 2377 et
393 2337 582 2378 Arabum
609 2339 724 2391 poesi
751 2336 861 2376 haud
886 2334 1056 2375 defuere
1080 2335 1273 2387 propriae
1296 2347 1397 2372 suae
1427 2345 1595 2381 causae,
1628 2344 1733 2385 quae

115 2417 225 2456 haud
258 2430 402 2470 parum
436 2417 485 2455 ad
517 2413 701 2455 indolem
737 2416 830 2467 ejus
865 2411 1101 2453 valuerunt.
1162 2410 1208 2450 In
1239 2410 1305 2449 his
1336 2411 1628 2464 antiquissima
1659 2408 1732 2448 illa

114 2488 372 2536 consuetudo
411 2495 453 2532 in
495 2492 679 2533 tribuum
722 2492 1002 2533 conventibus
1044 2488 1238 2544 populum
1272 2487 1582 2528 narrationibus
1614 2484 1731 2526 oble-

114 2573 266 2614 ctandi.
336 2570 441 2612 Cum
474 2572 736 2611 narrationes
766 2569 864 2611 illae
897 2569 961 2609 vel
997 2571 1037 2608 in
1076 2568 1338 2621 exponendis
1370 2565 1576 2616 majorum
1609 2576 1730 2617 prae-

116 2651 241 2692 claris
272 2650 558 2699 facinoribus,
605 2649 669 2690 vel
702 2640 829 2689 etia'm
866 2650 905 2688 in
938 2647 1048 2688 fictis
1081 2646 1205 2686 rebus
1239 2650 1528 2693 versarentur,
1580 2639 1733 2681 factum
