1968 3095
232 215 285 254 78
841 209 935 246 Pars
963 209 1017 246 ΙΙ.
1078 209 1169 258 Cap.
1198 209 1250 246 11.

234 322 452 366 Estherae
490 317 625 368 libre,
676 314 799 372 plura
837 331 1086 368 occurrere,
1137 331 1313 372 quorum
1357 316 1486 359 fidem
1523 310 1768 359 historicam
1813 319 1857 359 in

235 401 410 442 dubium
440 410 594 437 vocare
626 397 788 450 possis3
840 409 977 450 neque
1006 405 1144 436 tamen
1177 394 1347 436 illorum
1379 394 1860 437 librorum-auctoribus

231 479 491 535 propositum
525 474 656 514 fuisse
689 474 878 523 videtur,
920 473 1087 514 fabulas
1118 474 1412 525 conscribere,
1454 488 1548 516 cum
1577 473 1684 514 alter
1712 487 1860 514 eorum

232 554 431 609 (Ruthae
461 551 632 605 auctor)
665 550 959 607 genealogiam
992 551 1185 593 Davidz's
1214 553 1326 606 regis
1358 553 1594 592 narrationi
1623 565 1725 593 suae
1755 560 1860 593 atte-

230 635 392 681 xuerit3
425 631 531 672 alter
554 643 654 670 vero
685 628 927 681 (Estherae
949 630 1110 683 auctor)
1141 629 1238 669 sesti
1260 628 1396 680 illius,
1428 632 1495 671 cui
1516 632 1669 672 Parim
1689 643 1861 680 nomen,

229 712 441 766 originem
474 709 627 749 docere
661 705 857 748 voluerit.
927 706 1069 756 Quare
1102 716 1279 761 uterque
1312 706 1421 748 liber
1452 707 1666 749 historicis
1705 709 1860 763 potius,

232 802 358 844 quam
379 788 559 842 poeticis
578 785 875 826 Hebraeorum
901 786 1066 839 scriptis
1088 785 1253 825 videtur
1274 786 1629 827 adnumerandus.
1689 784 1862 826 Rectius

228 866 412 907 fortasse
442 866 579 906 Jonae
609 863 766 904 librum
796 865 839 903 in
872 861 1064 903 fictarum
1096 864 1384 904 narrationum
1427 877 1647 904 numerum
1680 863 1859 916 referas,

234 946 355 998 cujus
389 944 574 993 auctori,
606 944 649 982 ni
680 940 891 991 fallimur,
923 942 1186 996 propositum
1217 939 1318 991 fuit,
1353 939 1638 982 Ninivitarum
1662 941 1741 982 sub
1764 955 1862 997 per-

231 1024 337 1063 sona
369 1021 615 1071 ostendere,
647 1020 785 1061 Deum
809 1034 892 1059 non
915 1017 1051 1060 solum
1078 1019 1276 1069 Judaeis,
1308 1031 1454 1059 verum
1487 1021 1611 1060 etiam
1630 1019 1862 1076 gentilibus

230 1102 457 1156 propitium
490 1099 604 1150 fore,
633 1099 672 1139 si
702 1098 754 1138 ad
787 1096 942 1137 bonam
971 1096 1137 1152 frugem
1168 1105 1447 1137 revertantur·

919 1264 956 1301 (J
969 1275 1066 1310 ap.
1108 1266 1181 1301 11.

445 1358 495 1391 De
521 1362 719 1399 argumento
745 1355 961 1399 diversisque
986 1356 1169 1398 generibus
1195 1355 1379 1387 carminum
1405 1355 1642 1388 Arabicorum.

936 1470 973 1518 §-
1014 1464 1176 1507 xmu.

342 1559 566 1599 Poetarum
607 1556 884 1598 Arabicorum
929 1570 1022 1597 cum
1062 1553 1256 1595 infinitus
1295 1553 1385 1594 fere
1423 1555 1480 1595 sit
1513 1567 1739 1608 numerus,
1788 1553 1861 1594 vix

229 1638 449 1692 quisquam
489 1634 775 1684 existimabit,
827 1648 930 1683 nos,
979 1633 1090 1687 quod
1122 1634 1164 1672 in
1196 1631 1490 1672 Hebraeorum
1521 1633 1638 1685 poesi
1668 1618 1861 1682 fecimus,

227 1713 396 1769 singula
428 1719 606 1768 poeseos
636 1713 846 1753 Arabicae
878 1712 1139 1751 monimenta
1171 1711 1488 1760 recensituros,
1529 1722 1861 1764 eorumque-ar·

227 1801 474 1847 gumentum
506 1791 775 1844 exposituros
807 1803 913 1830 esse.
984 1787 1108 1837 Quod
1141 1790 1175 1828 si
1208 1786 1273 1827 vel
1306 1788 1482 1841 gestiret
1512 1787 1701 1836 animus,
1747 1785 1861 1826 haud

228 1879 367 1909 tamen
401 1879 614 1922 praestare
646 1880 890 1919 possemus5
927 1867 1133 1919 siquidem
1161 1879 1295 1918 neque
1319 1864 1468 1911 nobis,
1501 1877 1636 1918 neque
1666 1865 1860 1917 cuiquam

227 1946 327 1996 alii,
362 1947 539 1999 contigit
569 1959 662 1983 esse
694 1953 777 1983 tam
810 1942 1030 1991 felicibus,
1068 1951 1114 1981 ut
1143 1952 1291 1983 cuncta
1323 1948 1500 1995 poeseos
1530 1939 1740 1980 Arabicae
1771 1953 1862 1980 mo-

227 2025 440 2072 nimenta,
496 2035 603 2076 quae
643 2022 685 2059 in
728 2020 1114 2059 diversissimorum
1165 2018 1353 2058 locorum
1405 2018 1616 2058 thesauris
1660 2016 1861 2058 literariis

229 2102 532 2148 adservantur,
575 2097 881 2137 evolveremus.
951 2094 1100 2149 Neque
1140 2097 1180 2135 id
1212 2110 1286 2149 pro
1320 2097 1451 2136 nostri
1483 2097 1660 2136 instituti
1695 2098 1861 2136 ratione

229 2181 515 2220 necessarium
550 2178 722 2217 omnino
755 2176 946 2221 videtur3
991 2172 1199 2222 sufficiet,
1243 2175 1285 2214 in
1320 2177 1566 2215 universum
1595 2174 1860 2227 exposuisse,

228 2270 429 2311 quasnam
465 2269 531 2296 res
556 2255 743 2295 Arabum
774 2258 922 2308 poisstae
954 2251 1191 2291 tractandas
1223 2251 1304 2291 sibi
1336 2253 1590 2301 sumserint,
1633 2251 1769 2304 quave
1799 2263 1865 2290 ra-

230 2334 345 2373 tione
377 2334 544 2373 easdem
580 2333 873 2378 tractaverin13
916 2331 1025 2370 unde
1054 2327 1189 2383 palam
1222 2327 1317 2377 fiet,
1354 2341 1487 2381 quae,
1523 2337 1677 2382 quotve
1708 2328 1862 2368 carmi-

230 2425 329 2451 num
355 2410 633 2451 Arabicorum
657 2423 813 2463 genera
835 2409 1055 2447 statuenda
1077 2408 1174 2446 sint.
1234 2405 1300 2446 De
1322 2407 1556 2446 carminum
1580 2404 1863 2445 Arabicorum

230 2496 480 2543 argumento
522 2489 784 2540 diversisque
815 2484 1044 2537 generibus
1085 2483 1195 2523 haud
1237 2485 1402 2536 ineptus
1444 2482 1623 2522 habetur
1662 2481 1780 2523 locus
1818 2484 1862 2523 in

230 2587 411 2642 prologo
437 2588 603 2640 operis,
637 2585 746 2639 quod
774 2583 1037 2622 inscribitur:
1075 2574 1225 2633 3350035
1260 2572 1448 2616 &mh-<di
1483 2573 1622 2628 ’ndi-²5,
1657 2581 1862 2622 Colleclt'o

234 2670 466 2705 carminum
502 2663 768 2704 heroicorum
806 2660 1056 2708 Ihm-retexis,
1109 2670 1280 2699 auctore
1320 2661 1404 2700 Alc
1433 2659 1512 2700 ben
1545 2658 1862 2709 Abilf'aradsclt

239 2741 471 2789 litarem-l,-
507 2756 626 2794 quom
661 2739 798 2778 locum
832 2753 883 2777 cx
922 2738 1088 2777 Case're’e'
1111 2737 1381 2777 Bibliotheca
1412 2735 1610 2778 Arabica
1643 2735 1711 2777 hic
1735 2750 1864 2789 appo-
