1958 2916
665 127 1142 177 Praefatio·
1658 127 1714 168 ιν

100 267 295 315 quoque
342 253 603 298 materiam
659 251 754 296 sibi
808 250 1119 297 tractandam
1174 253 1350 313 poetae
1407 260 1713 309 sumserunt3

99 353 233 400 unde
270 353 469 399 diversa
502 351 781 397 carminum
815 366 995 412 genera
1025 358 1196 407 enata,
1237 366 1445 412 quorum
1480 352 1576 398 alia
1611 354 1715 414 qui-

58 436 61 437 ⁷
99 454 212 500 dem
259 452 489 499 omnibus
535 451 733 513 populis
770 451 1081 508 communia,
1129 450 1227 497 alia
1262 466 1382 498 vero
1430 452 1537 499 aliis
1572 469 1716 515 pecu-

97 555 236 600 liaria
285 560 401 599 sunt
443 551 683 612 gentibus.
781 549 934 612 Cujus
978 552 1050 596 rei
1109 550 1465 598 documentum
1521 554 1563 598 si
1608 555 1715 615 quis

98 655 338 716 requirat,
391 652 718 714 populorum,
775 666 897 712 quos
941 651 1390 698 Indo-Germanos
1444 652 1716 714 adpellant,

98 755 275 817 poesin
311 768 422 799 cum
450 751 796 798 Semiticarum
835 753 1055 812 gentium
1095 760 1364 814 componat
1400 754 1718 810 carminibus,

98 855 444 915 invenietque,
491 851 681 913 duplex
729 853 1004 898 carminum
1042 868 1220 914 genus,
1268 852 1416 915 idque
1462 862 1717 916 praestan-

98 954 367 1010 tissimum,
412 954 606 1014 epicum
651 961 799 1014 atque
843 952 1200 1010 dramaticum,
1247 968 1276 999 a
1317 952 1580 1000 Semiticae
1624 956 1718 1000 ori-

98 1054 224 1114 ginis
260 1053 454 1115 populis
495 1053 714 1099 alienum
752 1068 883 1112 esse3
932 1053 1062 1114 quod
1098 1062 1269 1100 tamen
1305 1053 1719 1100 Indo-Germanis

99 1155 476 1200 usitatissimum
514 1160 663 1214 atque
700 1153 1098 1214 acceptissimum
1135 1153 1380 1200 videmus.
1441 1153 1521 1199 Ad
1553 1153 1719 1216 expli-

101 1253 312 1300 candam
352 1268 501 1315 porro
539 1253 879 1314 quaestionem
924 1254 1258 1316 propositam,
1304 1261 1504 1316 praeter
1539 1256 1719 1301 utrius-

101 1368 194 1415 que
238 1355 449 1415 poe'seos
485 1353 724 1414 originem
765 1362 914 1416 atque
952 1363 1326 1416 argumentum,
1374 1362 1424 1400 et
1459 1354 1719 1412 sentiendi,

101 1453 350 1514 cogitandi
390 1452 683 1515 dicendique
714 1454 985 1510 rationem,
1033 1469 1123 1501 nec
1165 1469 1267 1500 non
1311 1463 1573 1501 externam
1616 1471 1721 1502 car-

30 1574 31 1580 *
101 1554 291 1599 minum
328 1560 625 1600 structuram
660 1553 1076 1600 considerandam
1114 1569 1246 1613 esse,
1294 1570 1444 1602 nemo
1484 1564 1581 1613 est,
1636 1557 1719 1618 qui

101 1653 406 1699 infitiabitur.
487 1652 628 1699 Unde
665 1655 852 1700 sactum
896 1663 994 1712 est,
1040 1663 1096 1700 ut
1132 1656 1295 1701 omnis
1335 1664 1505 1702 nostra
1551 1656 1718 1718 dispu-

103 1753 227 1800 tatio
272 1754 325 1798 in
370 1761 583 1814 quatuor
629 1752 790 1799 divisa
845 1754 908 1799 sit
958 1761 1148 1816 partes:
1206 1755 1365 1816 prima
1421 1755 1482 1802 (le
1530 1757 1718 1817 origine

103 1854 357 1915 causisque
387 1855 604 1915 poeseos·
628 1852 762 1914 apud
792 1852 1048 1900 Hebraeos
1080 1853 1369 1916 Arabesque
1404 1856 1525 1916 agit3
1562 1856 1719 1903 altera

102 1960 448 2015 argumentum
500 1954 795 2016 diversaque
842 1955 1117 2001 carminum
1164 1953 1524 2002 Hebraicorum
1571 1964 1717 2018 atque

103 2052 426 2100 Arabicorum
464 2068 644 2115 genera
681 2053 982 2113 considerat3
1019 2056 1164 2101 tertia
1195 2055 1468 2102 carminum
1505 2056 1717 2105 Hebrai-

104 2169 273 2200 corum
309 2161 456 2215 atque
485 2153 804 2201 Arabicorum
842 2155 1050 2215 stylum3
1089 2163 1264 2218 quarta
1296 2155 1507 2218 denique
1539 2173 1717 2204 eorun-

103 2252 216 2300 dem
253 2261 515 2300 externam
553 2255 764 2316 exponit
807 2255 1035 2302 formam.
1107 2255 1308 2317 Singula
1343 2271 1564 2319 quaeque
1600 2272 1717 2319 pars
1770 2288 1774 2292 -

102 2354 261 2400 tribus
319 2353 594 2401 absolvitur
653 2355 920 2416 capitibus3
985 2371 1191 2417 quorum
1244 2358 1460 2419 primum
1507 2360 1715 2420 poeseos

103 2453 407 2511 Hebraicae,
446 2455 654 2502 alterum
694 2453 934 2502 Arabicae
971 2465 1171 2503 enarrat
1205 2459 1532 2520 proprietates
1544 2474 1555 2515 3
1594 2471 1714 2518 quas

103 2553 281 2600 deinde
327 2556 540 2601 tertium
575 2557 851 2617 componit,
909 2557 978 2602 ita
1021 2565 1076 2602 ut
1119 2559 1371 2619 utriusque
1416 2561 1619 2620 poeseos
1663 2565 1713 2604 et
