1978 3105
191 177 245 214 24
851 179 945 217 Pars
975 179 1008 216 1.
1070 178 1164 227 Cap.
1195 177 1226 214 1.

193 287 344 342 priscis
375 283 460 326 illis
490 284 780 340 temporibus,
832 300 910 328 nec
947 301 1032 328 non
1064 301 1090 328 a
1119 301 1224 329 sene
1262 289 1468 329 morituro
1508 287 1643 344 possit
1679 301 1834 343 exspe-

195 366 316 405 ctari.
374 361 569 418 Namque
598 377 748 405 omnes
774 364 869 419 fere
899 364 1100 407 versiculi
1131 365 1268 408 tribus
1298 375 1457 408 tantum
1488 375 1685 408 constant
1711 368 1833 408 voci-
1876 375 1878 377 ’

194 442 301 494 bus;
360 455 494 496 neque
525 443 679 484 desunt
708 445 1057 500 paronomasiae‚
1110 454 1155 485 ut
1186 458 1224 485 v.
1258 448 1337 496 19,
1378 458 1502 490 'iri-m
1534 458 1629 490 Ἱππ
1659 457 1738 496 υ,
1787 452 1830 485 et

197 518 568 572 homoeoteleuta,
600 531 645 562 ut
672 536 708 562 v.
731 528 781 574 8,
812 530 945 580 γεω,
976 531 1123 579 ’Τῇ-ια,
1157 531 1285 578 ''pr-m.
1345 522 1550 565 Similiter
1571 535 1613 566 et
1634 526 1835 566 carminis

196 608 494 655 argumentum
534 601 698 641 seriora
742 604 885 657 arguit
925 612 1130 658 tempora.
1200 601 1369 643 Etenim
1407 617 1515 658 quae
1556 604 1608 645 de
1646 601 1834 644 filiorum

195 678 373 729 Jacobi,
406 679 498 719 sive
521 679 572 719 de
603 679 788 721 tribuum
821 680 1155 722 Israeliticarum
1185 679 1360 722 sedibus
1387 682 1637 737 vivendique
1668 683 1833 722 ratione

199 758 448 806 traduntur,
500 771 551 797 ea
581 758 749 799 demum
780 769 974 814 spectant
1004 771 1224 815 tempora,
1276 759 1429 814 quibus
1459 758 1636 815 populus
1664 758 1835 819 Israeli.-

195 837 306 877 ticus
334 836 478 877 sedem
504 837 547 875 in
572 833 800 878 Cananaea
822 836 999 887 fixeram
1030 840 1117 881 imo
1141 853 1247 895 quae
1278 852 1315 879 v,
1339 841 1392 879 10
1419 839 1471 880 de
1493 839 1634 880 Judae
1655 839 1834 894 imperio

198 914 436 962 habentur,
487 913 636 968 procul
674 915 805 956 dubio
838 917 891 958 ad
921 916 997 958 illa
1026 918 1250 959 referenda
1281 927 1381 959 sunt
1413 926 1629 973 tempora,
1677 917 1835 974 quibus

196 990 377 1047 populus
409 990 673 1034 Israeliticus
702 994 876 1049 regibus
903 1011 926 1036 e
952 996 1064 1038 tribu
1085 996 1224 1038 Jetdae
1247 995 1438 1037 oriundis
1462 994 1684 1049 subjectus
1710 1003 1836 1037 esset.

198 1069 325 1112 Unde
350 1069 546 1121 efficitur,
578 1085 746 1112 carmen
775 1072 880 1114 illud
901 1068 1162 1130 nequaquam
1189 1089 1215 1114 a
1235 1073 1394 1115 Iacobo
1414 1074 1619 1114 morituro
1644 1075 1835 1129 potuisse

198 1148 490 1204 pronuntiari3
544 1158 691 1190 contra
729 1148 843 1192 haud
873 1154 1021 1207 paucis
1052 1160 1146 1208 post
1175 1152 1342 1194 Mosem
1373 1149 1529 1194 seculis
1559 1154 1838 1220 compositum

198 1227 347 1270 fuisse.

934 1337 970 1386 ς.
1009 1334 1090 1375 lx.

318 1432 382 1472 Ex
414 1433 494 1480 iis,
547 1445 653 1486 quae
694 1432 898 1475 hactenus
931 1435 1265 1490 disputavimus,
1318 1433 1562 1490 adparebit‚
1601 1433 1763 1476 nullum
1793 1437 1837 1478 iu

201 1511 420 1552 Geneseos
457 1509 567 1551 libro
601 1510 748 1551 haberi
781 1526 976 1563 carmen,
1020 1523 1093 1554 aut
1125 1515 1325 1554 carminis
1364 1513 1673 1570 fragmentum,
1723 1515 1835 1570 quod

201 1590 343 1631 Mos-is·
383 1598 566 1630 aetatem.
607 1604 807 1645 superare
849 1593 1057 1633 videatur.
1139 1591 1264 1650 Haud
1307 1591 1430 1633 aliter
1472 1602 1513 1633 et
1551 1592 1603 1631 de
1643 1591 1834 1648 reliquis,

201 1682 310 1723 quae
342 1669 384 1708 in
420 1667 568 1708 Veteri
600 1668 880 1710 Testamento
914 1673 1209 1720 continentur,
1263 1669 1522 1710 carminibus
1553 1673 1836 1713 statuendum.

202 1746 364 1786 Verum
397 1748 508 1788 enim
544 1761 642 1788 vero
673 1749 710 1789 si
743 1748 902 1790 nullum
937 1763 1108 1799 eorum,
1160 1763 1267 1805 quae
1305 1757 1554 1803 supersunt,
1603 1751 1837 1791 carminum

201 1825 514 1867 Hebraicorum
547 1826 689 1868 Masis·
717 1837 898 1868 aetatem
929 1841 1134 1881 superare
1165 1836 1413 1877 censeatur,
1454 1827 1671 1882 quaeritur
1697 1841 1837 1882 porro,

204 1911 346 1942 utrum
380 1900 538 1943 nullum
564 1905 737 1943 omnino
767 1911 944 1958 poeseos
970 1903 1201 1959 periculum
1226 1903 1415 1944 Hebraei
1439 1913 1536 1944 ante
1557 1903 1699 1946 filaris
1720 1915 1838 1947 aeta-

203 1989 286 2019 tem
312 1979 516 2021 fecerint}
557 1981 662 2021 Eam
689 1984 977 2037 quaestionem
1012 1984 1084 2023 vix
1114 1983 1336 2038 quisquam
1359 1980 1621 2037 exploratam
1653 1998 1838 2040 unquam

204 2058 405 2106 habebit3
437 2059 644 2113 siquidem
677 2063 747 2115 qui
779 2060 920 2102 stlosz's
950 2069 1129 2102 aetatem
1162 2061 1356 2116 proxime
1387 2070 1707 2104 antecesserunt
1738 2077 1838 2119 qua-

204 2138 417 2191 dringenti
453 2139 551 2177 anni
585 2139 692 2179 adeo
723 2141 836 2180 omni
870 2155 1009 2180 rerum
1042 2149 1256 2196 gestarum
1282 2140 1490 2181 memoria
1511 2140 1700 2182 destituti
1722 2151 1836 2194 sunt,

204 2225 248 2255 ut
281 2216 332 2255 de
363 2214 748 2270 1›opuli1s1·ai²litici
785 2233 859 2273 per
889 2217 964 2258 illa
995 2227 1182 2274 tempora
1216 2218 1339 2259 rebus
1370 2216 1482 2258 haud
1512 2220 1735 2274 quidquam
1762 2235 1838 2276 pro

204 2303 320 2334 certo
363 2297 623 2347 pronuntiari
659 2299 803 2350 possit.
876 2297 1012 2337 Fuere
1044 2297 1238 2351 quidem,
1283 2298 1350 2350 qui
1385 2297 1704 2347 existimarent,
1744 2298 1838 2339 He-

205 2372 358 2413 braeos
393 2386 464 2426 per
497 2376 826 2430 quadringentos
858 2375 955 2416 illos
987 2384 1028 2415 et
1059 2377 1231 2430 triginta
1252 2387 1412 2424 annos,
1447 2388 1550 2428 quos
1575 2375 1617 2414 in
1641 2373 1836 2431 Aegypto

209 2450 445 2506 degebant,
494 2453 546 2493 ab
579 2454 822 2509 Aegyptiis,
862 2456 951 2508 jum
984 2452 1058 2494 illo
1090 2468 1196 2493 aevo
1227 2453 1378 2493 artium
1411 2462 1535 2507 atque
1565 2454 1835 2495 scientiarum

207 2530 502 2582 peritissimis,
535 2529 645 2569 haud
679 2545 822 2584 parum
856 2532 1055 2574 didicisse
1086 2529 1166 2585 ²³³).
1228 2528 1353 2578 Quod
1385 2533 1421 2571 si
1452 2532 1510 2571 ita
1535 2530 1731 2583 haberet,
1763 2547 1838 2574 ex-

267 2710 340 2759 29)
381 2712 484 2750 Jahn
516 2709 784 2764 Archaeolog.
816 2711 918 2751 Bibl.
949 2713 994 2751 Ρ.
1021 2713 1081 2757 ΙΙ,
1112 2718 1141 2750 t.
1171 2713 1210 2758 Ι,
1245 2727 1281 2763 p.
1310 2712 1376 2750 22.
