1937 3000
185 225 245 268 Vl
751 229 1232 279 Praefatio.

182 366 448 400 consensus
485 360 533 398 et
569 351 831 399 discrimen
871 354 1061 415 palanr
1083 352 1200 400 inde
1247 353 1446 402 evadat.
1519 353 1724 415 Digesta
1757 357 1808 401 in

180 453 310 501 hunc
347 452 551 500 modum
601 452 951 515 disputationis
987 453 1220 513 materia,
1268 455 1319 501 id
1366 456 1663 519 praeprimis
1699 471 1805 519 spe-

181 555 453 610 ctavimus,
501 562 577 611 ut,
623 569 750 616 quae
801 554 864 602 de
908 554 1254 603 Hebraeorum
1303 555 1626 618 Arabumque
1669 558 1808 619 poesi

179 656 470 712 statuimus,
517 654 713 702 idoneis
758 656 1124 704 illustraremus
1159 656 1421 719 exemplis.
1502 655 1664 714 Quare
1701 667 1807 705 tum

179 771 246 803 ex
282 756 476 803 Veteris
511 753 820 804 Testamenti
865 757 1001 804 libris
1048 758 1255 821 poeticis
1302 765 1451 820 atque
1489 758 1809 822 propheticis,

178 866 285 905 tum
307 871 375 904 ex
395 856 761 919 probatissimis
785 858 1010 906 Arabum
1039 860 1216 922 poetis,
1248 857 1585 918 Amrulkaiso‚
1617 859 1807 906 Amruo

177 959 275 1006 ben
311 957 578 1017 lielthum,
624 958 838 1017 Antara,
887 959 1138 1017 Haretho,
1187 960 1403 1018 Lebido,
1458 959 1666 1018 Tamffi,
1714 960 1806 1007 Zo-

177 1060 343 1117 hairo,
387 1058 562 1106 Kaabo
600 1060 697 1107 ben
732 1061 936 1119 Zohair,
987 1061 1208 1109 Diwano
1240 1061 1666 1120 Hodsailitarum,
1704 1060 1806 1108 Ha-

179 1159 317 1208 masa
377 1160 473 1206 Abi
527 1159 815 1220 Temmam,
875 1161 1091 1209 Bohterii
1146 1161 1394 1220 Hamasa,
1449 1161 1807 1210 Mohammede

177 1264 275 1310 ebn
321 1260 538 1318 Doreid,
594 1262 951 1320 Motanabbio,
1007 1261 1247 1329 Abulala,
1295 1262 1534 1325 Tograio,
1587 1262 1806 1319 Haririo,

177 1364 361 1410 Omaro
409 1363 507 1409 ebn
553 1361 778 1420 Faredh,
827 1364 1041 1421 Busirio,
1092 1363 1321 1411 Ahmede
1367 1365 1465 1411 ebn
1514 1362 1803 1410 Arabschah

179 1467 410 1527 aliisque,
446 1463 581 1510 haud
611 1465 846 1526 exiguam
880 1464 1230 1528 exemplorum
1268 1466 1463 1529 copiam
1501 1465 1806 1525 collegimus,

177 1582 304 1631 quae
342 1566 657 1626 anthologiae
687 1567 916 1628 poeticae
951 1567 1113 1613 vicem
1150 1566 1380 1629 supplere
1411 1565 1581 1629 possit.
1638 1564 1805 1625 Hujus

176 1667 533 1715 lucubrationis
574 1667 866 1730 exemplum
901 1668 1082 1729 Regiae
1117 1667 1494 1728 inscriptionum
1526 1666 1803 1712 literarum-

178 1784 273 1831 que
309 1769 671 1829 elegantiorum
708 1767 1036 1826 Academiae,
1074 1783 1202 1829 quae
1236 1767 1465 1814 Lutetiae
1502 1767 1802 1816 Parisiorum

177 1870 342 1927 floret,
381 1869 609 1914 examini
645 1868 950 1928 subjecimus
981 1883 1083 1915 non
1119 1868 1225 1913 sine
1262 1866 1570 1926 reverentia3
1618 1871 1804 1931 quippe

180 1971 262 2032 qui
308 1969 507 2015 illorum
552 1968 774 2013 virorum
821 1968 1242 2031 exspectabamus
1290 1983 1575 2026 censuram,
1629 1970 1713 2032 qui
1751 1970 1800 2015 in

179 2070 332 2115 literis
364 2068 703 2125 orientalibus,
739 2070 962 2115 maxime
994 2084 1114 2116 vero
1142 2067 1382 2126 Arabicis,
1420 2070 1606 2131 primas
1634 2077 1803 2117 tenere

181 2178 346 2234 partes
382 2170 562 2216 merito
611 2170 1045 2217 existimabantur.
1119 2167 1263 2225 Quod
1299 2169 1524 2217 modeste
1570 2171 1620 2216 in
1674 2171 1804 2217 votis

184 2272 514 2327 habebamus,
551 2285 613 2316 ne
650 2271 833 2317 scilicet
869 2279 1124 2318 tantorum
1162 2272 1385 2318 virorum
1424 2271 1805 2317 destitueremur

181 2372 438 2432 suffragio,
476 2371 687 2417 feliciter
721 2373 911 2430 evenit3
957 2387 1173 2434 namque
1210 2371 1476 2417 honorifice
1509 2370 1801 2433 opusculum

185 2481 407 2520 nostrum
463 2480 758 2533 exceptum,
819 2472 1122 2534 dignumque
1163 2471 1443 2532 judicatum
1498 2471 1617 2529 fuit,
1674 2470 1804 2533 quod

186 2575 408 2636 praemio
451 2574 709 2635 proposito
758 2582 1030 2620 ornaretur.
1119 2570 1256 2628 Quae
1305 2588 1381 2618 res
1431 2579 1571 2617 tanto
1622 2571 1805 2632 gratior

186 2676 326 2720 nobis
375 2675 491 2731 suit,
544 2682 732 2736 quanto
784 2675 962 2734 majori
1016 2676 1065 2719 in
1116 2674 1465 2719 aestimatione
1512 2673 1645 2718 viros
1693 2672 1804 2717 illos
