1968 3095
196 196 276 233 224
809 192 900 228 Pars
930 191 996 229 IV.
1058 190 1149 239 Cap.
1186 191 1216 226 1.

195 303 404 360 gaudent3
440 299 619 354 jambici
658 311 761 339 vero
801 307 847 339 ut
874 297 1102 353 plurimum
1133 296 1420 348 acatalectici‚
1463 299 1552 353 pari
1580 299 1710 354 igitur
1739 297 1824 353 syl·
1879 332 1884 338 .

194 383 387 425 labarum
429 391 605 419 numero
644 377 884 423 constituti3
933 391 1041 431 quae
1079 391 1148 419 res
1179 377 1321 419 Harii
1358 379 1602 433 praeceptis
1638 377 1824 418 metricis

195 460 319 516 plane
350 458 612 498 adversatur.

900 594 937 641 ς.
974 589 1118 631 cxx.

310 693 513 734 Saniores
551 690 711 743 multo,
754 705 876 745 quam
910 691 1102 740 Harius,
1142 690 1194 730 de
1225 690 1520 732 Hebraeorum
1563 705 1609 731 re
1650 691 1826 732 metrica

194 772 311 828 leges
342 771 489 812 statuit
513 768 567 810 E.
590 768 633 810 J.
663 769 806 810 Greve
840 771 881 809 in
906 767 1040 818 libro,
1073 771 1138 822 qui
1173 768 1439 810 inscribitur:
1480 769 1643 810 Ultima
1673 754 1825 822 capita

194 850 302 893 libri
327 848 455 897 Jobi,
487 861 636 902 nempe
659 860 752 900 cap.
776 846 1052 895 XXXVJIJ,
1076 847 1298 896 XXXIX,
1317 847 1416 897 XL,
1439 847 1568 897 XLI,
1601 853 1643 887 et
1665 850 1826 900 capitis

195 927 346 970 XLII
363 940 497 980 pars,
530 926 589 965 ad
616 938 820 980 graecam
849 929 1087 964 versionem
1121 930 1339 965 recensita
1372 931 1571 980 notisque
1600 925 1825 965 illustrata

196 1006 251 1047 ab
271 1005 328 1047 Ε.
350 1005 388 1043 J.
417 1002 573 1044 Greve.
634 1002 821 1043 Accedit
848 1008 1066 1042 tractatus
1094 1002 1146 1041 de
1166 1007 1316 1043 metris
1337 1003 1594 1054 Hebraicis,
1624 1016 1826 1056 praeser-

196 1087 272 1124 tim
293 1081 486 1123 Jobaeis.
525 1082 641 1121 Pars
664 1080 704 1129 1,
736 1081 1019 1133 complectens
1045 1094 1080 1119 c·
1104 1080 1370 1120 XXXVIII
1392 1086 1434 1120 et
1456 1080 1676 1120 XXXIX.
1727 1080 1823 1121 Da-

196 1164 422 1209 ventriae,
457 1162 575 1199 1788.
610 1159 662 1198 Ρ.
696 1157 766 1198 ΙΙ.
800 1159 1084 1211 complectens
1114 1172 1147 1197 c,
1169 1157 1268 1206 XL,
1290 1157 1411 1197 XLI
1428 1163 1471 1197 et
1490 1157 1649 1208 XLII,
1684 1162 1824 1209 1-6,Α
1852 1189 1855 1193 ⁴
1913 1137 1927 1223 l

196 1245 239 1280 et
271 1237 459 1278 libellum
494 1236 546 1276 de
574 1239 737 1276 metris.
776 1239 897 1275 1791.
969 1234 1015 1275 ln
1052 1236 1316 1289 exponendis
1348 1237 1550 1275 metricae
1585 1235 1824 1277 Hebraicae

195 1316 430 1371 praeceptis
462 1313 650 1354 Grevius
679 1315 732 1354 iis
765 1315 949 1353 maxime
980 1312 1172 1352 inhaeret
1212 1311 1382 1364 legibus
1424 1313 1676 1366 prosodicis,
1721 1328 1825 1369 quas

197 1393 401 1446 Syrorum
422 1390 696 1445 Arabumque
730 1396 879 1444 poetae
913 1392 956 1429 in
983 1390 1240 1430 carminibus
1272 1391 1360 1429 suis
1391 1400 1637 1444 sequuntur.
1682 1389 1824 1439 Quare

196 1473 339 1526 prius,
376 1482 498 1523 quam
533 1469 584 1508 de
608 1467 903 1508 Hebraeorum
936 1481 979 1506 re
1009 1469 1182 1506 metrica
1211 1468 1360 1521 agitur,
1391 1467 1592 1519 Syrorum
1614 1467 1826 1510 Arabum-

197 1563 277 1603 que
299 1548 494 1602 prosodia
519 1545 704 1586 breviter
730 1547 964 1598 exponitur.
1010 1542 1131 1592 Quae
1162 1545 1259 1584 inde
1289 1545 1340 1585 ad
1365 1544 1653 1585 Hebraeorum
1676 1548 1825 1600 poesin

197 1625 512 1666 transferuntur
544 1622 662 1678 leges
696 1624 944 1677 prosodicae
976 1623 1056 1663 hae
1088 1622 1176 1661 fere
1207 1631 1326 1662 suut:
1361 1623 1400 1675 1)
1423 1636 1533 1676 quae
1562 1626 1608 1662 in
1637 1625 1825 1665 vocalem

196 1701 577 1744 nudamdesinunt
600 1700 806 1754 syllabae,
839 1700 989 1742 breves
1012 1706 1135 1749 sunt3
1167 1701 1327 1754 longae
1349 1706 1525 1751 contra,
1558 1713 1668 1754 quae
1690 1702 1825 1743 litera

199 1783 471 1834 quiescente,
503 1779 577 1818 vel
605 1780 791 1818 consona
816 1783 1132 1827 terminantur,-
1164 1783 1206 1829 2)
1232 1776 1385 1818 Sclawa
1412 1777 1586 1828 mobile,
1617 1782 1708 1819 sive
1725 1783 1824 1821 sim-

191 1858 328 1910 plex,
372 1860 464 1896 sive
508 1859 784 1910 compositum
828 1861 911 1907 sit,
951 1857 1115 1898 vocatis
1149 1857 1241 1896 loco
1283 1854 1642 1908 existimandum;
1688 1869 1826 1911 neque

198 1939 341 1973 tamen
372 1937 444 1973 τοῦ
468 1932 692 1980 Pathach,
726 1934 840 1986 quod
854 1934 1078 1984 furtivum
1111 1934 1297 1981 dicitnr,
1329 1937 1446 1973 ratio
1479 1934 1567 1973 ulla
1601 1932 1826 1983 habenda,-

198 2011 240 2062 3)
266 2010 378 2064 quod
405 2009 457 2050 ab
478 2009 776 2050 Hebraeorum
797 2016 1098 2063 granna-alicio·
1122 2015 1334 2050 statuitur
1365 2011 1590 2064 longarum
1613 2009 1824 2052 brevium·

198 2102 280 2142 qne
303 2090 512 2128 vocalium
538 2088 789 2136 discrimen,
824 2087 957 2128 nihili
974 2089 1268 2141 peudemlunm
1302 2101 1443 2127 onmes
1473 2089 1644 2128 vocales
1675 2088 1826 2130 breves

199 2171 313 2214 sunt,
336 2170 426 2205 nisi
440 2169 673 2219 positione,
697 2166 768 2204 vel
786 2166 930 2205 literis
949 2165 1267 2219 quiescentibus
1285 2165 1608 2218 producantur3
1626 2167 1670 2218 4)
1685 2179 1826 2207 omnes

200 2255 434 2291 consonae,
468 2242 656 2295 proinde
697 2247 739 2282 et
770 2244 1042 2296 gutturales,
1087 2242 1371 2297 exigentibus
1405 2242 1650 2283 rationibus
1680 2257 1826 2298 gram-

199 2324 396 2366 maticis,
429 2318 633 2371 Dagesclt
649 2321 780 2368 sorte
803 2320 1052 2360 admittunt.
1097 2320 1220 2360 Haud
1243 2319 1525 2369 diffitendum,
1557 2319 1672 2374 leges
1698 2321 1824 2362 hasce

199 2394 332 2435 multo
362 2395 670 2449 probabiliores
699 2410 792 2436 esse
820 2399 896 2447 iis,
929 2412 1030 2451 quas
1057 2397 1268 2437 Gomarus
1288 2397 1538 2451 Hariusque
1566 2407 1824 2446 statuerunt;

198 2486 335 2525 neque
380 2482 518 2512 tamen
565 2472 751 2513 Grevius
795 2475 882 2526 ipse
932 2476 1161 2528 praeceptis
1198 2475 1285 2513 suis
1327 2484 1570 2515 constanter
1608 2474 1823 2521 inhaeret3

201 2560 345 2589 contra
378 2550 730 2604 frequentissimis
758 2551 1078 2602 exceptionibus
1110 2565 1275 2591 omnem
1310 2553 1524 2592 metricam
1555 2566 1672 2592 suam
1697 2551 1823 2593 labe-

201 2625 342 2666 factat.
403 2627 609 2680 Praecipit
643 2629 780 2676 euim,
815 2636 859 2666 ut
890 2641 1016 2666 unum
1053 2641 1075 2666 e
1105 2626 1245 2667 nmltis
1276 2629 1318 2668 in
1350 2630 1532 2669 medium
1558 2629 1822 2682 proferamus

202 2703 468 2755 exemplum,
517 2705 731 2744 nominum
784 2702 1111 2743 masculinorum
1158 2714 1196 2744 et
1241 2704 1538 2745 femininorum
1587 2706 1629 2746 in
1671 2703 1822 2760 plurali

1910 1509 1924 1527 Q,
