1958 2947
536 140 587 175 De
624 140 714 185 stylo
747 139 951 175 carminum
984 138 1261 174 Hebraicorum.
1628 137 1706 176 107

90 246 447 286 existimarentur.
489 245 582 285 Deo
604 246 783 299 jubente
807 245 1095 297 Abmlemmcs,
1127 247 1265 300 gentis
1286 245 1526 287 Hebraicae
1551 255 1710 298 auctor,

90 337 144 364 ex
177 323 488 378 Mesopotamia
518 326 561 363 in
593 323 877 365 Palaestinam
909 327 1185 380 migraveram
1218 323 1311 365 Deo
1343 335 1554 366 annuente
1577 325 1708 367 Jaco-

91 400 168 442 bus
198 415 291 441 cum
321 400 422 442 filiis
452 400 692 456 Aegyptum
725 404 925 457 petierat;
972 403 1162 456 ejusdem
1196 402 1279 443 Dei
1312 405 1435 456 jussu
1477 412 1518 444 et
1548 405 1710 447 auxilio

90 479 239 520 Illoses
269 478 491 534 populares
522 494 622 521 suos
651 495 677 520 a
706 482 933 530 servitute,
977 481 1059 535 qua
1097 481 1140 520 in
1171 480 1365 535 Aegypto
1397 483 1711 536 premebantur,

89 557 134 597 in
166 555 403 598 libertatem
434 559 736 599 vindicaverat.
780 557 876 607 Qua
907 559 1108 612 opinione
1141 573 1234 598 cum
1259 559 1551 602 Hebraeorum
1583 566 1712 606 animi

91 643 359 686 tenerentur,
406 636 561 677 factum
602 646 688 687 est,
737 645 782 676 ut
833 649 981 677 omnes
1020 650 1167 676 eorum
1211 639 1512 691 cogitationes,
1562 655 1714 685 sensus

90 712 285 769 factaque
317 728 412 755 cum
444 713 651 769 religione
683 715 862 770 quadam
904 715 1132 767 conjuncta
1161 723 1325 762 essent3
1371 717 1454 769 qua
1483 731 1552 769 re,
1590 723 1713 762 sicuti

92 793 225 832 animi
263 794 432 846 pejores
473 792 840 847 deprimebantur,
888 793 946 832 ita
984 791 1184 833 meliores
1224 787 1522 835 efferebantur.
1594 795 1714 845 Quae

92 871 328 911 animorum
349 870 579 911 ‘meliorum
609 869 738 910 elatio
779 872 823 911 in
853 870 1150 911 Hebraeorum
1189 872 1310 924 poesi
1350 873 1574 914 manifesto
1616 890 1717 918 con-

92 949 289 1002 spicitur3
322 950 530 1004 siquidem
555 950 655 990 inde
677 948 918 990 sublimitas
938 948 1012 989 illa
1035 950 1340 1004 cogitationum
1363 959 1486 1005 atque
1509 955 1716 996 orationis

96 1037 219 1066 enata
256 1037 343 1079 est,
383 1042 491 1084 quae
530 1030 575 1069 in
616 1027 877 1068 carminibus
906 1026 1132 1067 Hebraicis
1171 1035 1217 1067 ut
1256 1025 1481 1081 plurimum
1522 1045 1614 1072 cum
1653 1034 1717 1074 di-

97 1105 221 1146 cendi
252 1105 523 1162 simplicitate
554 1106 796 1147 consociata
827 1102 1169 1158 deprehenditur.

775 1244 811 1288 §.
850 1239 1017 1281 LXIV.

210 1339 337 1381 Haud
377 1341 597 1380 minimam
637 1340 817 1396 denique
856 1349 1015 1395 partem
1062 1343 1106 1381 in
1147 1341 1382 1383 formandis
1422 1342 1718 1387 Hebraeorum

98 1420 234 1472 poetis
265 1427 306 1459 et
335 1427 473 1458 terrae
505 1417 720 1473 coelique,
760 1418 837 1459 sub
870 1432 951 1473 quo
983 1419 1217 1474 degebant,
1259 1422 1368 1460 ratio
1407 1421 1490 1461 sibi
1522 1423 1717 1464 vindicat.

100 1494 262 1546 Terra,
307 1510 428 1552 quam
467 1496 658 1537 Hebraei
698 1495 959 1547 incolebant,
1005 1497 1065 1538 nil
1109 1499 1345 1547 amoenius.
1425 1498 1568 1540 Habet
1607 1503 1720 1542 enim

97 1572 355 1615 laetissimos
381 1584 545 1616 montes
568 1589 821 1630 camposque
847 1573 1159 1622 fertilissimos3
1193 1589 1328 1629 neque
1359 1577 1509 1617 desunt
1532 1577 1720 1630 flumina,

97 1650 215 1692 lacus
246 1652 466 1706 fontesque
507 1654 558 1694 ad
589 1654 848 1708 irrigandam
887 1662 1055 1693 terram.
1116 1651 1322 1701 Quamvis
1352 1653 1624 1696 calidioribus
1654 1672 1722 1697 re-

97 1729 297 1784 gionibus
326 1731 642 1771 adnumeranda
679 1733 734 1771 sit
765 1729 1031 1782 Palaestina,
1069 1738 1207 1771 tamen
1241 1729 1344 1772 solis
1385 1741 1526 1773 aestus
1554 1737 1668 1776 auris
1699 1750 1724 1776 a

102 1808 209 1847 mari
249 1806 505 1862 Lz'banoque
548 1809 808 1863 spirantibus
852 1818 1130 1863 temperatum
1173 1823 1252 1863 quo
1294 1808 1367 1859 fit,
1408 1818 1453 1850 ut
1495 1812 1545 1851 ad
1586 1821 1723 1853 terrae

100 1887 399 1926 amoenitatem
431 1885 539 1926 coeli
571 1886 709 1928 adhuc
746 1886 972 1928 salubritas
1011 1887 1199 1927 accedat.
1260 1885 1380 1935 Quae
1422 1887 1532 1929 coeli
1564 1898 1725 1932 terrae-

102 1978 183 2018 que
224 1972 374 2003 natura
424 1962 653 2018 plurimum
701 1965 946 2005 conserebat
989 1964 1042 2004 ad
1088 1964 1356 2005 excitandam
1405 1967 1726 2024 augendamque

102 2046 322 2095 poetarum
351 2041 610 2094 imaginandi
641 2044 752 2093 vim,
783 2043 1122 2097 quandoquidem
1146 2044 1217 2082 vix
1243 2042 1327 2083 alia
1351 2045 1480 2084 animi
1507 2046 1570 2084 vis
1600 2046 1726 2087 rebus

107 2120 296 2158 externis
328 2119 462 2172 magis
494 2120 701 2159 excitatur
732 2119 954 2174 aliturque.
1011 2120 1104 2161 Jam
1147 2133 1247 2160 vero
1284 2121 1326 2160 id
1361 2123 1481 2176 quasi
1511 2125 1724 2176 proprium

107 2195 189 2236 sibi
219 2196 403 2235 vindicat
434 2195 695 2250 imaginandi
725 2197 812 2246 vis,
853 2206 899 2237 ut
938 2199 1082 2238 nativa
1125 2211 1263 2237 rerum
1305 2198 1442 2238 forma
1484 2199 1595 2240 haud
1627 2216 1727 2241 con-

108 2283 245 2323 tenta,
278 2273 556 2313 vividioribus
578 2273 745 2313 easdem
769 2272 982 2315 coloribus
1005 2275 1210 2323 obducat,
1244 2276 1500 2330 imaginibus
1524 2277 1726 2329 involvat,

109 2361 150 2390 et
180 2349 248 2390 vel
278 2351 358 2400 iis,
401 2364 508 2404 quae
547 2351 632 2391 vita
670 2365 881 2406 sensuque
913 2353 1111 2392 destituta
1141 2362 1264 2401 sunt,
1309 2355 1436 2394 vitam
1473 2367 1727 2408 sensumque

109 2427 279 2468 tribuat.
357 2427 472 2467 Hinc
511 2432 744 2481 tropicum,
788 2431 879 2470 sive
908 2429 1159 2485 figuratum
1200 2431 1367 2471 dicendi
1407 2445 1540 2485 genus
1580 2433 1727 2484 oritur,

112 2519 215 2560 quo,
255 2506 292 2545 si
331 2507 401 2559 qui
439 2504 536 2555 alii,
587 2516 698 2546 certe
738 2506 1032 2549 Hebraeorum
1075 2514 1226 2563 poetae
1271 2510 1421 2549 mirum
1472 2510 1514 2547 in
1558 2509 1726 2550 modum

112 2581 390 2623 delectantur.
484 2583 550 2622 Ex
592 2584 671 2634 iis,
717 2598 822 2638 quae
862 2584 1067 2626 hactenus
1109 2587 1321 2640 disputata
1362 2593 1484 2633 sunt,
1529 2584 1728 2637 efficitur,

114 2665 330 2713 poetarum
361 2659 671 2702 Hebraicorum
713 2661 865 2715 stylum
905 2662 1058 2717 triplici
1099 2663 1360 2716 potissimum
1402 2675 1582 2716 genere,
1630 2668 1730 2705 sim-
