1979 3073
802 233 1050 282 Comparatio.
1663 232 1744 272 267

130 343 270 396 poesis
299 343 435 395 magis
467 339 646 381 liberum
679 339 1030 388 51111d2h0minum
1064 335 1358 389 orientalium,
1397 348 1571 381 naturae
1599 339 1746 382 inhae-

128 420 336 468 rentium,
375 420 593 474 ingenium
624 418 765 460 refert.
835 417 1132 467 Quaesiveris,
1164 430 1264 456 num
1293 416 1524 458 artificiosa
1555 417 1631 460 illa
1658 433 1748 460 car-

130 498 289 537 minum
330 504 540 537 structura
568 495 778 536 Arabicae
814 499 932 550 poesi
962 495 1053 550 plus
1092 494 1300 535 addiderit
1337 494 1580 549 dignitatis,
1626 510 1750 551 quam

129 573 368 615 Hebraicae
392 572 567 616 liberior
597 572 693 624 ille,
719 575 909 628 justique
939 574 1060 614 metri
1087 571 1253 626 legibus
1285 570 1396 612 hand
1428 573 1639 615 obnoxius
1669 589 1750 615 nu-

131 652 299 694 merus?
360 652 592 693 Fatendum
626 654 826 702 omnino,
869 662 1024 692 certam
1050 648 1274 704 longarum
1314 649 1588 705 breviumque
1618 650 1749 704 sylla-

130 729 277 771 barum
309 732 443 771 vicem
466 744 767 785 numerumque
789 740 830 770 et
850 729 1008 784 legenti
1040 738 1083 768 et
1111 729 1298 769 audienti
1325 729 1614 783 gratissimum
1638 744 1748 781 esse,

131 807 392 865 multumque
418 809 516 848 inde
546 809 777 848 venustatis
803 817 926 863 atque
949 808 1165 862 dignitatis
1192 807 1374 846 orationi
1407 808 1594 860 poeticae
1625 820 1749 860 posse

131 887 348 927 accedere.
409 886 493 927 Sed
535 886 849 926 concedendum
880 886 1030 935 etiam,
1070 883 1320 924 arctioribus
1349 882 1436 924 illis
1466 881 1634 938 legibus
1664 898 1752 924 me-

129 965 247 1005 tricis
269 963 382 1005 haud
414 978 510 1004 raro
534 969 697 1017 poetam
726 964 942 1017 impediri,
973 977 1056 1017 quo
1086 964 1225 1002 minus
1256 963 1386 1002 animi
1413 975 1564 1002 sensus
1593 975 1750 1004 conve-

133 1042 413 1082 nientissimis
436 1039 576 1082 verbis
598 1043 827 1095 exprimat3
858 1042 1064 1095 siquidem
1097 1054 1180 1080 non
1206 1040 1250 1079 id
1279 1047 1439 1080 tantum
1463 1040 1751 1093 spectandum,

134 1127 180 1159 ut
216 1118 345 1160 verba
385 1118 512 1160 rebus
554 1119 865 1172 exprimendis,
908 1132 1053 1159 verum
1093 1119 1219 1157 etiam
1262 1125 1306 1157 ut
1342 1119 1465 1158 metri
1505 1118 1754 1172 praescripti

133 1194 303 1251 legibus
334 1198 602 1237 conveniant.
683 1194 807 1244 Quod
845 1197 882 1236 si
920 1197 1052 1248 igitur
1092 1194 1161 1235 vel
1199 1202 1334 1235 metro
1373 1195 1512 1236 minus
1549 1197 1753 1251 impedito

134 1277 292 1326 utaris,
324 1274 390 1315 vel
415 1276 553 1315 minus
573 1273 784 1315 serviliter
802 1272 969 1328 legibus
994 1273 1178 1313 metricis
1198 1270 1445 1322 inhaereas,
1479 1274 1538 1313 ita
1557 1283 1600 1314 ut
1623 1275 1755 1315 animi

135 1366 287 1394 sensus
318 1353 559 1402 commode,
591 1365 727 1406 neque
756 1351 931 1391 detortis
962 1358 1036 1389 aut
1064 1348 1230 1400 verbiS,
1262 1359 1335 1390 aut
1362 1353 1583 1393 sententiis
1616 1354 1754 1406 possis

135 1431 386 1484 exprimere,
404 1431 579 1470 metrica
597 1430 827 1469 carminum
849 1436 1058 1468 structura
1078 1429 1259 1467 orationi
1280 1430 1468 1481 poeticae
1487 1443 1573 1470 non
1593 1439 1755 1472 tantum

139 1521 221 1549 non
240 1507 409 1557 officiet,
433 1520 576 1546 verum
595 1507 721 1546 etiam
739 1504 850 1546 haud
871 1507 1027 1559 exiguo
1047 1505 1129 1545 erit
1147 1515 1411 1546 ornarnentO.
1443 1505 1566 1554 Quod
1588 1509 1756 1563 quidem

135 1584 188 1624 de
206 1583 511 1638 antiquioribus
525 1583 709 1624 Arabum
734 1586 868 1636 poetis
888 1581 998 1620 haud
1021 1583 1232 1621 immerito
1251 1584 1584 1635 praedicaveris3
1606 1587 1756 1640 quippe

138 1663 210 1716 qui
246 1675 381 1715 neque
419 1662 630 1715 impeditis
669 1661 773 1701 adeo
816 1660 960 1700 metris
1002 1666 1195 1706 utuntur,
1231 1672 1367 1713 neque
1403 1661 1510 1700 adeo
1547 1662 1758 1704 serviliter

139 1739 290 1779 iisdem
331 1738 575 1786 inhaerent,
616 1747 661 1778 ut
704 1738 834 1777 animi
866 1751 1043 1786 sensus,
1083 1737 1125 1775 in
1158 1737 1273 1775 tanta
1303 1739 1552 1790 praesertim
1583 1738 1757 1794 linguae

138 1813 350 1855 Arabicae
381 1815 595 1865 ubertate,
640 1830 722 1855 non
755 1815 976 1854 commode
1009 1823 1135 1866 atque
1163 1815 1464 1855 convenienter
1491 1817 1654 1870 possint
1680 1830 1756 1858 ex-

141 1894 337 1946 primere.
403 1891 680 1933 Recentiores
721 1901 867 1932 contra
898 1889 1086 1930 Arabum
1127 1895 1274 1943 poetae
1315 1898 1356 1929 et
1397 1892 1554 1931 arctius
1591 1890 1759 1946 legibus

140 1971 326 2010 metricis
366 1968 613 2020 inhaerent,
663 1979 726 2018 et,
768 1976 933 2022 praeter
971 1977 1201 2008 metrorum
1238 1965 1434 2017 vincula,
1485 1966 1628 2009 multis
1663 1969 1760 2011 aliis

140 2045 335 2087 artificiis
355 2060 449 2087 sese
470 2048 731 2100 impediunt3
763 2061 843 2101 quo
864 2045 936 2094 fit,
970 2053 1014 2084 ut
1037 2043 1147 2084 haud
1179 2058 1325 2097 parum
1357 2045 1600 2086 detrimenti
1625 2049 1761 2088 oratio

140 2125 304 2177 poetica
331 2124 430 2163 iude
460 2125 652 2177 patiatur.
711 2122 854 2171 Quare
880 2124 938 2163 ita
970 2121 1260 2168 statuendum,
1287 2122 1505 2162 metricam
1528 2125 1762 2166 carminum

141 2208 415 2250 structuram,
446 2211 651 2255 quatenus
676 2202 855 2241 orationi
873 2202 1063 2254 poeticae
1088 2213 1170 2238 non
1195 2199 1402 2249 offecerit,
1433 2198 1621 2239 Arabum
1643 2202 1761 2254 poesi

143 2278 317 2318 omnino
346 2277 439 2331 plus
465 2279 698 2318 venustatis
724 2287 847 2332 atque
874 2279 1097 2332 dignitatis
1123 2277 1362 2326 addidisse,
1393 2291 1516 2331 quam
1540 2275 1764 2317 Hebraeo-

145 2368 240 2395 rum
275 2357 391 2409 poesi
426 2370 449 2396 a
481 2355 673 2396 liberiori
706 2354 804 2404 illo,
841 2357 1030 2409 justique
1069 2356 1191 2396 metri
1224 2352 1390 2408 legibus
1423 2353 1535 2393 haud
1574 2353 1761 2394 obnoxio

144 2446 321 2473 numero
351 2433 550 2473 accedere
574 2447 756 2487 unquam
789 2435 938 2486 potuit.
999 2431 1147 2487 Neque
1182 2442 1320 2472 tamen
1350 2440 1576 2471 metrorum
1605 2431 1763 2471 Arabi-

146 2522 290 2550 corum
325 2519 522 2550 venustas
562 2520 685 2564 atque
725 2511 908 2565 dignitas
947 2524 1022 2564 pro
1053 2519 1196 2550 nostro
1236 2523 1363 2550 sensu
1395 2509 1654 2549 aestimanda
1688 2516 1762 2548 est.

148 2585 240 2628 Vix
265 2589 378 2628 enim
408 2587 503 2628 fieri
539 2595 695 2641 potest,
727 2588 825 2641 quin
858 2586 1003 2637 nobis,
1035 2600 1212 2641 quorum
1244 2601 1368 2627 aures
1399 2587 1496 2626 inde
1526 2599 1550 2624 a
1581 2585 1763 2639 pueritia

146 2661 407 2706 Graecorum
437 2663 806 2718 Romanorumque
836 2665 980 2705 metris
1011 2665 1211 2704 adsuetae
1249 2672 1371 2712 sunt,
1412 2661 1601 2703 Arabum
1630 2670 1764 2702 metra

149 2741 289 2782 minus
328 2751 446 2796 grata
487 2742 730 2786 videantur3
772 2742 881 2794 quod
923 2750 1034 2782 certe
1072 2755 1194 2782 secus
1224 2754 1269 2781 se
1299 2739 1498 2788 haberet,
1543 2741 1579 2780 si
1610 2753 1634 2779 a
1662 2753 1762 2794 pue-
