1968 3095
204 188 258 225 66
822 184 916 221 Pars
945 183 996 220 11.
1059 184 1147 232 Cap.
1181 183 1209 219 1.

208 294 451 337 Offenditur
491 294 544 334 ab
588 292 705 333 urbis
747 291 1023 342 custodibus,
1080 284 1411 347 verberibusque
1450 290 1640 333 afficitur.
1708 292 1836 336 Haud

208 377 380 416 invento
412 369 729 412 adolescentulo
761 368 924 424 puellas
954 369 1366 423 Hierosolymitanas
1397 369 1629 411 obtestatur
1648 400 1661 422 ,
1699 372 1836 414 sicubi

210 451 407 494 dilectum
439 463 562 490 suum
593 449 873 499 offenderint,
907 450 946 489 ei
978 449 1246 498 renuntient,
1289 457 1444 503 quanto
1474 451 1517 489 in
1549 462 1647 489 eum
1677 449 1838 506 feratur

211 544 368 571 amore.
431 526 756 568 sciscitantibus
789 525 971 581 puellis,
1016 528 1206 581 quisnam
1240 525 1312 566 ille
1342 528 1420 577 sit,
1468 540 1590 581 quem
1621 536 1838 583 tantopere

210 610 433 663 depereat,
465 607 664 645 eximiam
696 603 840 646 dilecti
871 607 935 645 sui
960 604 1312 659 pulchritudinem
1346 619 1420 659 per
1449 604 1618 659 singula
1648 607 1839 661 corporis

213 685 402 728 membra
434 684 646 724 describit.
710 684 753 723 ln
787 683 967 722 eundem
1001 683 1172 723 modum
1206 692 1247 723 et
1277 681 1523 723 adolescens
1555 692 1837 737 praestantem

213 763 378 818 puellae
418 762 598 802 formam
639 759 839 802 celebrat.
910 760 1024 801 Hinc
1063 760 1302 801 alternatim
1343 760 1484 816 puella
1520 770 1562 801 et
1592 759 1842 804 adolescens
1895 772 1904 777 “

215 842 372 882 amoris
416 841 482 880 sui
524 840 608 879 vim
645 849 769 893 atque
809 839 1120 880 vehementiam
1160 840 1420 894 praedicant.
1487 839 1637 880 Finem
1669 844 1842 881 cantico

215 923 481 960 canticorum
526 919 702 972 imponit
741 917 916 958 fratrum
959 916 1124 972 puellae
1165 915 1416 958 deliberatio
1457 918 1508 958 de
1548 918 1842 969 custodienda,

215 1000 343 1053 inque
366 995 679 1037 matrimonium
709 994 890 1037 locanda
913 1010 1081 1043 sorore3
1113 996 1223 1051 quod
1246 1004 1385 1036 tamen
1410 994 1589 1036 fratrum
1619 994 1844 1037 consilium

217 1073 357 1128 puella
387 1084 632 1123 aversatur,
666 1075 872 1126 innuens,
903 1088 950 1115 se
979 1076 1116 1129 ipsam
1148 1075 1217 1114 sui
1245 1073 1338 1114 fore
1368 1073 1599 1114 custodem.

885 1208 922 1257 ξ.
961 1205 1175 1247 XXXIII.

331 1305 438 1347 Jobz·
463 1302 572 1345 liber
602 1304 742 1346 tribus
770 1308 955 1346 maxime
987 1307 1227 1347 continetur
1251 1305 1485 1360 partibus:
1512 1307 1720 1361 prologo,
1751 1307 1846 1360 ipsa

218 1385 422 1425 materiae
455 1387 750 1434 tractatione,
793 1394 918 1439 atque
952 1385 1139 1439 epilogo.
1209 1383 1256 1424 In
1289 1383 1464 1440 prologo
1498 1393 1538 1425 et
1569 1382 1740 1438 epilogo
1772 1397 1846 1438 pe-

217 1461 351 1501 destri
389 1473 586 1501 sermone
628 1463 756 1501 utitur
797 1446 970 1509 auctor3
1022 1463 1097 1503 sed
1139 1464 1180 1502 in
1222 1464 1315 1516 ips-<i
1355 1463 1558 1502 materiae
1594 1463 1846 1502 tractatione

217 1537 346 1578 altius
386 1540 593 1593 insurgit,
644 1548 685 1579 et
726 1541 892 1593 poetico
931 1540 1065 1580 fertur
1102 1541 1269 1594 spiritu.
1334 1541 1523 1594 Prologi
1551 1547 1846 1594 argumentum

218 1616 534 1670 hujuscemodi:
564 1615 722 1666 Johm,
756 1618 819 1657 vir
841 1618 999 1671 pietate
1021 1619 1226 1672 insignis,
1259 1618 1450 1671 vitaeque
1479 1617 1602 1658 bonis
1635 1615 1845 1666 adfluens,

216 1695 485 1749 permittente
518 1695 690 1734 numine
721 1695 890 1745 divino,
942 1709 967 1734 a
1007 1693 1179 1736 Satan&
1218 1695 1415 1735 omnibus
1455 1695 1581 1735 bonis'
1615 1692 1846 1750 liberisque

215 1771 451 1826 spoliatur,
486 1785 537 1811 eo
569 1770 770 1821 consilio,
811 1783 856 1813 ut
889 1775 967 1813 viri
1000 1775 1132 1827 pietas
1161 1781 1368 1820 tentetur,
1409 1781 1475 1822 et,
1507 1773 1544 1812 si
1573 1769 1669 1812 fieri
1699 1773 1845 1826 possit,

215 1848 507 1891 labefactetur.
565 1847 714 1903 Neque
747 1859 884 1890 tamen
917 1852 968 1889 ea
994 1850 1163 1902 jactura
1193 1848 1327 1890 ,Iobus
1358 1858 1575 1896 movetur3
1609 1858 1757 1889 contra
1780 1849 1848 1889 in-

218 1940 424 1967 concusso
456 1928 597 1965 animo
629 1928 669 1965 in
704 1929 855 1980 pietate
898 1935 1155 1979 perseverat.
1226 1925 1336 1964 Tum
1375 1924 1562 1978 graviori
1602 1924 1713 1965 malo
1754 1934 1847 1966 ten—

219 2004 390 2042 tandum
421 2013 563 2041 censet
597 2002 815 2051 Satanas,-
847 2017 975 2056 (piare
1011 2003 1156 2042 morbo
1188 2002 1459 2050 foedissimo,
1492 2016 1615 2056 quem
1646 2001 1846 2057 elephan-

218 2082 342 2120 tiasin
377 2078 503 2133 vulgo
535 2090 701 2133 putant,
736 2083 870 2120 virum
901 2080 1078 2134 adfligit.
1140 2080 1223 2118 Sed
1256 2093 1390 2133 neque
1417 2078 1586 2120 dolores
1615 2078 1846 2120 vehemen-

217 2159 394 2206 tissimi,
429 2171 564 2210 neque
591 2159 736 2197 uxoris
760 2159 913 2212 impiae
937 2160 1084 2197 irrisus
1107 2172 1131 2196 a
1157 2155 1281 2196 solini
1305 2156 1512 2210 probitate
1533 2171 1628 2196 eum
1651 2167 1843 2197 avertere

217 2244 404 2288 possunt.
461 2234 648 2288 Accepto
668 2237 760 2287 ejus
784 2236 842 2274 rei
867 2238 1012 2275 nuntio
1035 2244 1118 2274 tres
1139 2233 1244 2274 ‚lobi
1263 2236 1412 2283 amici,
1442 2233 1651 2288 Elae'phas,
1682 2233 1847 2276 Bildad

218 2321 260 2350 et
293 2311 482 2364 Zoplmr,
518 2313 732 2352 adflictum
765 2314 935 2352 visitare
965 2322 1003 2351 et
1028 2311 1179 2352 solatio
1201 2312 1364 2365 erigere
1386 2312 1657 2351 constituunt.
1705 2310 1842 2359 Quem

219 2403 312 2429 cum
351 2390 533 2429 adierint
575 2401 699 2445 atque
739 2393 1075 2445 conspexerint,
1134 2388 1505 2428 vehementissime
1545 2390 1712 2442 primo,
1769 2401 1844 2442 pro

217 2465 484 2506 orientalium
519 2466 734 2507 hominnm
769 2483 910 2518 more,
943 2468 1251 2513 lamentantur-3
1284 2467 1379 2506 dein
1412 2466 1724 2516 obmutescunt,
1758 2480 1840 2506 non

216 2547 308 2584 ausi
341 2546 519 2584 amicum
553 2543 762 2584 dolentem
805 2544 1029 2584 consolari.
1099 2543 1290 2583 Tandem
1332 2543 1466 2583 ‚lobns
1508 2544 1635 2597 (quod
1676 2549 1843 2584 tracta-

218 2626 351 2662 tionis
369 2631 432 2663 est
454 2624 640 2673 initium)
663 2621 874 2661 silentium
898 2624 1065 2674 rumpit,
1095 2623 1203 2660 diem
1229 2621 1407 2661 natalem
1435 2635 1556 2661 suum
1580 2619 1840 2667 detestando,

218 2697 446 2753 felicesque
483 2700 763 2753 praedicando
795 2713 895 2746 eos,
947 2701 1014 2751 qui
1048 2697 1182 2738 lucem
1219 2698 1385 2739 vitalem
1422 2709 1633 2751 nunquam
1667 2709 1842 2750 conspe-
