1978 3126
207 213 259 250 12
834 211 927 248 Pars
957 210 987 247 1.
1049 210 1138 260 Cap.
1169 210 1200 246 I.

205 322 394 372 videtur,
425 322 532 376 quod
554 319 652 361 libri
674 328 820 361 auctor
849 320 1032 360 orationi
1062 319 1275 374 poeticae,
1306 332 1413 374 quae
1443 319 1487 359 in
1518 318 1611 373 ipso
1643 319 1830 359 carmine
1892 320 1894 323 ’

204 409 377 455 regnat,
411 400 583 439 nomina
615 400 695 448 bu,
728 399 864 447 rubet,
896 397 1081 438 orationi
1111 405 1249 437 autem
1280 397 1488 451 pedestri,
1523 410 1630 451 quae
1656 397 1700 436 in
1728 410 1829 451 pro-

203 476 305 532 logo
337 486 461 531 atque
492 475 659 532 epilogo
690 475 894 526 habetur,
935 489 1088 515 nomen
1119 486 1225 518 nm*
1253 476 1480 515 convenire
1510 475 1646 529 magis
1679 473 1830 513 existi-

205 565 349 596 maret.
420 553 569 610 Neque
608 557 646 597 is
687 552 990 596 vocabulorum
1030 551 1202 593 illorum
1243 567 1344 594 usus
1374 552 1480 594 Jobz·
1516 562 1678 593 tantum
1717 549 1829 592 libro

203 630 453 686 peculiaris3
485 634 673 688 quinimo
694 633 737 674 in
759 633 1004 673 universum
1030 631 1324 680 statuendum,
1353 645 1506 671 nomen
1530 641 1651 682 'nm-1¹⁸,
1684 642 1829 684 quam-

203 713 268 752 vis
301 719 341 752 et
372 713 416 751 in
448 710 570 752 libris
603 711 780 766 poeticis
818 710 988 764 saepius
1029 717 1246 759 occurrat,
1289 709 1473 763 pedestri
1511 718 1652 750 tamen
1693 707 1829 761 magis

205 790 387 830 orationi
429 791 643 844 proprium
685 803 814 840 esse;
866 796 1013 829 contra
1054 786 1262 828 vocabula
1301 789 1386 840 ΕΝ,
1433 790 1572 839 rubet,
1625 800 1651 826 a
1689 785 1827 840 poetis

202 869 388 908 maxime
421 868 617 922 usurpari
654 869 737 920 ¹²).

373 946 460 1000 111)
503 945 630 994 Quod
661 947 704 986 in
735 943 843 986 Jobi
870 943 981 985 libro
1021 944 1184 986 obtinet
1222 944 1391 986 dicendi
1432 958 1567 1000 genus
1603 956 1629 983 a
1663 939 1829 996 vulgari

205 1025 372 1080 quidem
416 1038 612 1065 sermone
649 1024 836 1074 recedit,
887 1036 1023 1078 neque
1065 1032 1204 1063 tamen
1244 1024 1342 1064 inde
1385 1024 1621 1077 conjicias,
1668 1018 1826 1060 librum

201 1102 320 1143 illum
353 1113 449 1143 ante
470 1102 613 1144 Masis
643 1111 825 1143 aetatem
856 1102 1134 1154 compositum
1156 1101 1302 1142 fuisse.
1362 1099 1411 1140 In
1441 1100 1639 1141 omnibus
1667 1097 1827 1152 linguis

201 1182 336 1221 oratio
372 1181 537 1235 poetica
567 1193 592 1219 a
622 1177 786 1233 vulgari
819 1179 1085 1232 pedestrique
1118 1192 1314 1219 sermone
1346 1179 1527 1226 recedit3
1569 1179 1611 1218 in
1644 1175 1826 1216 eundem

199 1259 372 1299 modum
403 1267 445 1298 et
475 1259 687 1312 poeticum
718 1257 886 1297 dicendi
916 1271 1074 1310 genus,
1126 1257 1236 1310 quod
1277 1257 1320 1296 in
1360 1255 1466 1296 Jobi
1501 1254 1613 1295 libro
1656 1262 1821 1309 regnat,

198 1350 223 1376 a
263 1337 447 1391 pedestri
487 1334 695 1376 librorum
740 1334 1036 1375 historicorum
1084 1347 1280 1374 sermone
1324 1332 1520 1373 declinat.
1600 1333 1823 1387 Perperam

199 1424 339 1470 autem
379 1414 585 1463 sumitur,
637 1427 760 1467 quam
799 1411 981 1466 plurima
1010 1413 1054 1452 in
1083 1411 1189 1452 Jobz·
1218 1411 1328 1452 libro
1363 1425 1585 1452 occurrere
1617 1410 1825 1452 vocabula

200 1494 252 1532 ea
282 1491 622 1547 significatione,
668 1505 774 1545 quae
806 1489 872 1530 vel
903 1499 1000 1530 ante
1030 1490 1222 1541 Mosen»,
1265 1489 1332 1530 vel
1363 1489 1505 1530 Mosis
1540 1497 1679 1530 aetate
1710 1488 1823 1531 obti-

200 1570 364 1618 nuerit,
415 1577 562 1622 postea
593 1582 692 1608 vero
729 1582 784 1609 ex
817 1568 1035 1608 hominum
1068 1583 1146 1609 usu
1179 1569 1413 1610 evanuerit.
1480 1565 1673 1622 Namque
1712 1568 1824 1623 quod

199 1645 386 1700 exempli
425 1647 552 1686 causa
591 1645 788 1687 adferunt
819 1661 1054 1701 pronomen
1086 1650 1110 1688 3
1141 1661 1250 1701 pers.
1282 1661 1408 1687 masc.
1439 1658 1545 1696 mn,
1597 1644 1704 1687 Jobt'
1730 1659 1822 1702 cap.

199 1723 385 1773 XXXI,
419 1727 494 1773 11,
525 1723 722 1764 feminini
744 1723 838 1765 loco
860 1724 1119 1774 adhibitum,
1149 1724 1435 1765 archaismum
1467 1724 1636 1779 quidem
1657 1724 1826 1766 videtur

199 1800 417 1852 redolere3
452 1800 527 1841 sed
558 1803 716 1842 nemini
751 1816 835 1843 non
869 1804 1159 1853 notissimum,
1191 1804 1316 1843 etiam
1347 1803 1524 1844 serioris
1552 1803 1647 1842 aevi
1678 1808 1824 1856 poetas

200 1879 251 1918 ad
293 1879 582 1919 exornandam
625 1882 862 1920 orationem
903 1880 1015 1920 haud
1060 1895 1158 1920 raro
1199 1882 1383 1933 antiquis
1425 1878 1712 1934 obsoletisque
1762 1882 1823 1921 uti

200 1953 431 1996 vocabulis.
488 1953 688 2006 Accedit,
721 1957 829 2011 quod
856 1971 1086 2010 pronomen
1115 1956 1221 1998 illud
1252 1958 1400 1998 eodem
1425 1956 1552 1997 modo
1579 1966 1621 1998 et
1649 1956 1669 1997 Ι
1688 1956 1822 2013 Regg.

202 2047 291 2087 cap.
320 2031 478 2082 XVII,
514 2036 587 2081 153
631 2032 717 2075 Jes.
748 2033 911 2084 XXX,
942 2037 1020 2084 33,
1062 2035 1337 2083 adhibeatur-3
1385 2048 1520 2089 neque
1551 2043 1691 2076 tamen
1724 2037 1822 2077 inde

201 2112 296 2165 quis
334 2111 562 2163 conjiciat,
622 2113 803 2165 priorem
842 2113 1010 2167 Regum
1048 2111 1235 2163 librum,
1296 2111 1363 2152 vel
1402 2112 1584 2154 Jesaz'ae
1623 2115 1824 2156 vaticinia

202 2196 299 2228 ante
330 2187 470 2229 Masis
500 2197 680 2230 aetatem
712 2193 948 2245 conscripta
979 2191 1125 2231 fuisse.
1186 2191 1413 2245 Pei-peram
1441 2205 1568 2246 porro
1598 2193 1821 2244 adseritur,

201 2265 375 2306 verbum
409 2278 495 2326 ,ηιξ
535 2269 704 2309 nonnisi
736 2270 779 2308 in
810 2268 916 2309 Jobc·
951 2267 1062 2309 libro
1092 2267 1394 2323 Geneseosque
1434 2283 1526 2324 cap.
1561 2269 1821 2321 XXXVIII,

201 2347 278 2393 26,
326 2343 636 2398 significatione
670 2345 869 2400 probum,
919 2348 1151 2401 integrum,
1197 2348 1407 2387 insontem
1446 2360 1566 2397 esse,
1613 2350 1822 2402 usurpari,

201 2434 377 2475 eamque
414 2423 771 2477 significationem
807 2426 958 2465 seriori
990 2438 1097 2466 aevo
1131 2423 1347 2479 paululum
1379 2424 1510 2465 fuisse
1541 2426 1818 2468 immutatam.

262 2602 332 2651 12)
369 2602 427 2640 De
457 2603 614 2642 diverso
644 2604 921 2642 vocabulorum
955 2613 1083 2650 ww,
1114 2604 1191 2649 brt,
1225 2603 1354 2651 ἱἻἹέΝ,
1388 2603 1548 2652 maht«,
1582 2616 1653 2641 usu
1681 2603 1817 2642 videu-

315 2670 386 2706 dus
419 2670 580 2708 Gesenii
614 2671 821 2708 thesaurus
861 2671 1024 2722 liuguae
1056 2671 1172 2708 Hebr.
1212 2676 1252 2708 et
1290 2672 1426 2709 chald.
1467 2671 1561 2708 tomi
1596 2673 1607 2709 Ι
1653 2670 1755 2710 fasc.
1787 2672 1817 2717 Ι,

318 2749 353 2783 p.
378 2735 433 2773 48
464 2738 519 2782 133
549 2735 603 2775 95
628 2738 686 2784 A;
717 2737 770 2775 97
802 2738 859 2781 133
901 2738 993 2776 tomi
1025 2739 1057 2775 ΙΙ
1094 2737 1193 2776 fuse.
1225 2739 1262 2784 Ι,
1296 2753 1331 2789 p.
1355 2737 1461 2782 578,
1492 2735 1588 2776 579.
