1968 3095
177 206 260 245 2⁷0
771 203 864 240 Pars
892 201 957 241 11⁷.
1019 202 1110 253 Cap.
1137 202 1211 240 111.

176 314 443 372 alphabetico
473 313 700 368 dispositas
732 313 941 353 invenies.
1001 309 1146 360 Quare
1175 311 1287 366 quod
1311 313 1402 365 jam
1444 314 1640 367 superius
1669 316 1805 366 moni-

177 404 264 436 tum
301 394 404 445 fuit,
456 389 750 446 alphabeticae
791 389 856 431 illi
905 392 1137 432 carminum
1188 392 1452 447 quorundam
1494 391 1804 436 Hebraicorum

177 472 447 527 dispositioni
478 472 552 511 vix
591 468 707 510 aliud
744 471 932 511 auctoris
974 468 1224 520 consilium,
1262 484 1386 526 quam
1427 471 1670 513 ostentandi
1705 471 1806 513 arti-

174 551 287 602 ficii,
319 549 497 592 subesse
529 549 698 590 videtur
733 550 841 601 ¹²¹).

844 651 882 700 ξ.
927 648 1132 691 CXLIX.

291 728 416 779 Quod
458 729 643 785 denique
691 729 743 769 ad
786 727 1070 779 dffficila‘ores
1107 728 1209 769 illas·
1245 733 1474 783 poetarum
1513 727 1804 771 Arabicarum

176 824 317 866 nugas
349 810 533 859 adtinet,
563 804 942 849 artificiosissimos
976 805 1173 848 videlicet
1204 805 1460 856 versiculos,
1494 809 1564 862 qui
1587 811 1804 850 sinistror-

175 904 295 939 sum,
345 887 643 936 dextrorsum,
693 893 983 926 transversum
1025 886 1305 941 deorsumque
1344 885 1492 926 eodem
1541 885 1668 929 modo
1716 879 1804 944 legi

174 972 563 1023 possunt‚'eorum
604 961 892 1019 similiumque
938 962 1217 1005 artificiorum
1257 963 1419 1006 nullum
1459 965 1503 1006 in
1544 964 1804 1008 carminibus

175 1045 402 1086 Hebraicis
448 1044 689 1098 vestigium.
757 1040 870 1083 Num
910 1041 1206 1084 Hebraeorum
1243 1049 1395 1098 po‘e‘tae
1437 1044 1488 1085 ad
1529 1042 1627 1084 ilias
1667 1056 1803 1099 nugas

176 1126 348 1165 omnino
377 1136 588 1178 nunquam
620 1121 940 1173 descenderint,
971 1123 1014 1162 in
1045 1122 1160 1162 tanta
1182 1123 1243 1162 rei
1266 1121 1560 1163 Hebraeorum
1589 1121 1803 1164 litei-ariae

172 1204 339 1257 jactura
370 1201 481 1242 haud
515 1200 641 1242 facile
672 1198 867 1241 definias.
929 1198 1053 1249 Quod
1093 1201 1130 1240 si
1168 1209 1306 1240 tamen
1347 1211 1540 1256 reputes,
1579 1201 1802 1243 Hebraeo-

174 1296 267 1323 rum
299 1282 445 1336 po‘e'sin
476 1282 520 1321 in
551 1281 797 1320 universum
829 1292 1040 1334 nunquam
1072 1276 1345 1320 artificiosam
1375 1277 1493 1320 illam
1523 1279 1705 1320 sormam
1734 1280 1802 1320 in-

175 1361 342 1410 duisse,
385 1373 508 1413 quam
538 1357 724 1399 Arabica
764 1357 847 1398 sibi
888 1357 1098 1409 vindicat,
1143 1357 1253 1411 quod
1293 1359 1331 1399 si
1374 1364 1570 1412 reputes,
1609 1352 1801 1411 linguam

173 1441 308 1494 ipsam
344 1436 639 1477 Hebraeorum
682 1435 893 1488 ejusmodi
927 1433 1120 1476 artificiis
1150 1436 1290 1475 minus
1321 1443 1458 1488 aptam
1492 1435 1649 1486 videri,
1689 1432 1802 1476 haud

175 1526 333 1559 temere
372 1524 556 1566 statuas,
607 1512 902 1555 Hebraeorum
954 1519 1102 1568 poetas
1142 1527 1167 1553 a
1204 1509 1515 1554 difficilioribus
1554 1509 1641 1554 iuis
1678 1513 1803 1568 nugis

172 1597 344 1638 omnino
376 1593 663 1635 abhorruisse.

902 1696 941 1745 ξ.
989 1691 1076 1734 CL.

287 1775 410 1816 Haec
451 1774 540 1815 fere
583 1782 705 1825 sunt,
759 1786 866 1828 quae
915 1773 966 1813 de
1007 1776 1187 1827 poeseos
1226 1768 1465 1811 Hebraicae
1506 1777 1548 1810 et
1587 1768 1800 1812 Arabicae

173 1855 364 1910 origine,
414 1851 585 1902 indole,
640 1861 868 1906 mutuoque
921 1864 1132 1891 consensu
1184 1857 1308 1904 atque
1356 1849 1599 1890 discrimine
1650 1849 1800 1889 merito

173 1934 300 1974 statui
333 1945 457 1987 posse
490 1929 754 1970 videbantur.
807 1928 977 1971 Utinam
1009 1929 1232 1982 contigerit
1264 1926 1410 1976 nobis,
1446 1922 1801 1967 verum'rectum-

175 2024 254 2065 que
295 2011 337 2050 in
378 2007 576 2049 omnibus
617 2007 908 2062 perspexisse!
971 2005 1095 2054 Quod
1135 2007 1215 2045 etsi
1257 2018 1520 2058 nequaquam
1563 2003 1686 2045 nobis
1725 2004 1800 2045 ad-

174 2100 398 2144 rogemus,
439 2100 657 2141 speramus
699 2094 866 2135 tamen,
912 2086 1000 2125 veri
1040 2085 1224 2139 rectique
1258 2081 1504 2124 inveniendi
1532 2076 1718 2140 studium
1754 2083 1799 2123 in

175 2164 379 2221 opusculo
412 2173 580 2215 nostro,
622 2162 1034 2219 quantulumcunque
1073 2163 1113 2203 id
1148 2163 1316 2202 demum
1356 2162 1436 2212 sit,
1480 2162 1552 2202 vix
1583 2160 1798 2202 desidera-

175 2254 262 2286 tum
303 2245 369 2285 iri.

234 2413 334 2463 121)
367 2413 427 2450 De
450 2411 699 2462 alphabeticzi
722 2412 935 2449 carminum
957 2411 1239 2450 Hebraicorum
1259 2411 1521 2463 dispositione
1537 2411 1627 2451 vide
1643 2410 1799 2453 Ewuldi

291 2482 549 2520 commentat.
590 2479 638 2517 de
671 2479 936 2517 Hebraeorum
977 2480 1109 2531 poesi,
1151 2494 1186 2530 p.
1223 2477 1488 2526 139-164,
1528 2478 1593 2530 qui
1635 2476 1798 2516 artificii

292 2548 398 2586 iilius
442 2560 585 2586 causus
635 2546 855 2583 rectissime
907 2551 983 2583 tum
1031 2561 1055 2585 a
1088 2551 1235 2598 poeseos
1270 2559 1378 2586 verae
1419 2547 1580 2594 defectu,
1629 2549 1707 2583 tum
1747 2544 1795 2585 ab

289 2618 507 2655 eruditionis
536 2617 778 2664 adfectatione
809 2613 980 2652 deducit.
