1958 2947
278 152 330 189 De
361 160 573 200 argumento
604 154 826 202 diversisque
852 156 1046 201 generibus
1076 157 1283 193 carminum
1316 157 1595 196 Hebraieorum.
1697 158 1751 196 67

128 260 283 300 xerint.
352 259 518 309 Quibus
549 264 726 314 permoti
758 264 1032 317 querimoniis
1064 263 1170 306 Joba·
1203 265 1327 305 amici
1357 278 1410 305 ex
1442 266 1589 306 ordine
1619 266 1751 308 verba

127 337 315 389 faciunt,
366 352 513 379 omnes
552 341 597 379 in
635 353 686 379 eo
726 342 1068 390 consentientes,
1119 343 1331 382 neminem
1371 345 1583 384 insontem
1625 344 1748 385 malis

126 417 299 464 vexari,
329 415 463 456 Deum
486 418 768 469 justissimum
802 425 924 472 atque
955 420 1310 471 sapientissimum
1337 422 1507 462 nonnisi
1528 421 1745 475 improbos

126 493 300 545 punire,
347 493 499 535 Jobum
539 494 686 549 procul
725 494 854 535 dubio
887 497 1072 536 numinis
1110 497 1240 536 divini
1272 498 1376 536 iram
1418 497 1572 538 delicto
1603 497 1745 553 aliquo

124 583 398 623 provocasse3
442 574 550 627 quod
582 574 616 612 si
649 571 762 612 illius
794 571 935 611 delicti
968 574 1130 612 veniam
1163 573 1407 627 suppliciter
1437 590 1462 615 a
1492 574 1585 615 Deo
1617 583 1743 629 petat,

123 649 322 689 amissam
351 648 591 689 felicitatem
625 645 762 690 denuo
798 658 1155 703 recuperaturum.
1219 649 1376 691 Contra
1405 651 1743 707 Jobusrintegri-

124 726 219 765 tatis
249 739 350 765 suae
380 726 462 766 sibi
493 727 623 780 probe
656 728 872 776 conscius,
916 729 1151 776 contendit,
1185 742 1278 769 sese
1309 728 1422 769 mala
1452 728 1548 779 illa,
1589 730 1742 783 quibus

122 801 348 853 obruatur,
400 818 660 859 nequaquam
693 804 965 858 promeritum
997 819 1115 853 esse3
1166 805 1277 846 haud
1309 807 1476 860 quidem
1507 806 1589 847 sibi
1619 808 1742 861 igno-

121 887 238 930 tum,
291 881 431 922 Deum
469 883 854 937 sapientissimum,
911 884 1251 937 potentissimum
1295 892 1420 939 atque
1457 885 1742 937 justissimum

122 973 241 1009 esse,
294 974 430 1014 neque
470 969 610 1001 tamen
655 964 826 1002 nonnisi
869 969 1032 1002 sontem
1072 963 1244 1008 vexari3
1293 963 1481 1016 quinimo
1522 961 1741 1016 improbos

121 1051 243 1091 quam
274 1039 528 1091 saepissime.
552 1038 722 1088 felices,
765 1039 918 1093 probos
947 1047 1092 1078 contra
1118 1037 1311 1079 infelices
1340 1053 1449 1080 esse.
1509 1038 1635 1079 Haud
1668 1053 1742 1079 ve-

119 1116 204 1154 reri
233 1128 301 1163 se,
347 1128 515 1155 causam
547 1130 667 1156 suam
705 1131 846 1157 coram
877 1118 969 1170 ipso
1000 1115 1093 1155 Deo
1126 1117 1296 1163 dicere3
1351 1117 1438 1156 imo
1477 1125 1652 1170 optare,
1699 1126 1743 1157 ut

119 1192 200 1232 sibi
231 1206 324 1232 cum
356 1191 449 1232 Deo
481 1193 734 1233 contendere
764 1193 909 1241 liceat,
963 1207 1043 1247 quo
1074 1194 1316 1233 innocentia
1356 1193 1625 1248 probitasque
1664 1209 1741 1234 sua

119 1271 161 1310 in
192 1269 329 1310 lucem
361 1269 639 1324 protrahatur.
705 1268 812 1310 Jobz·
838 1272 962 1311 amici
993 1270 1066 1310 ubi
1096 1271 1263 1321 vident,
1312 1269 1431 1310 illum
1475 1273 1743 1324 pertinaciter

117 1349 401 1389 innocentiam
433 1361 549 1387 suam
582 1348 714 1397 tueri,
755 1361 891 1402 neque
922 1350 1092 1389 monitis
1120 1350 1305 1401 ipsorum
1338 1351 1522 1400 moveri,
1566 1358 1741 1390 conten-

119 1428 234 1466 tione
265 1426 492 1471 desistunt3
547 1426 627 1479 qua
659 1439 705 1464 re
736 1435 950 1479 permotus
980 1425 1137 1477 Ele'lm,
1188 1426 1258 1479 qui
1290 1425 1493 1466 hactenus
1525 1425 1740 1467 silentium

119 1511 334 1552 tenuerat,
367 1516 604 1543 sermonem
636 1505 812 1557 suscipit
842 1505 1163 1557 contenditque‚
1195 1502 1285 1543 falli
1308 1503 1482 1553 Johnm,
1515 1518 1608 1543 011111
1631 1505 1742 1556 inju-

120 1583 224 1621 riam
246 1595 270 1620 a
292 1581 385 1621 Deo
410 1581 492 1634 pati
516 1581 753 1627 existimet3
785 1580 923 1621 Deum
950 1583 1230 1634 justissimum
1261 1595 1373 1630 esse,
1405 1580 1598 1621 homines
1623 1594 1740 1630 νει-ο,

115 1660 311 1712 quamvis
352 1658 615 1711 integerrimi
657 1657 740 1697 sibi
784 1659 1029 1708 videantur,
1072 1661 1143 1698 vix
1184 1659 1320 1697 omnis
1361 1656 1509 1711 culpae
1545 1666 1741 1710 expertes

120 1750 237 1782 esse3
270 1749 403 1789 neque
433 1743 596 1783 tamen,
628 1749 732 1789 quae
765 1735 1013 1777 mortalibus
1043 1736 1274 1775 obveniunt
1306 1733 1438 1785 mala,
1472 1749 1638 1788 semper
1669 1735 1743 1774 de-

117 1813 312 1853 lictorum
348 1826 442 1852 esse
482 1826 667 1866 poenas3
720 1812 859 1852 Deum
903 1815 1114 1854 interdum
1161 1822 1202 1852 et
1241 1813 1396 1867 probos
1438 1813 1648 1866 castigare
1689 1825 1740 1851 eo

119 1891 321 1940 consilio,
352 1900 397 1931 ut
419 1905 442 1930 a
468 1891 647 1944 peccatis
669 1904 741 1930 eos
765 1900 951 1941 avertat,
985 1891 1263 1945 melioresque
1286 1890 1444 1929 reddat.
1506 1889 1569 1928 Ea
1601 1896 1742 1928 mente

120 1979 160 2010 et
190 1969 342 2010 Jobnm
374 1969 594 2022 castigari3
639 1968 748 2021 quod
780 1970 816 2008 si
849 1970 1005 2010 divinis
1039 1971 1210 2009 monitis
1242 1967 1527 2020 obtemperet,
1577 1968 1619 2005 in
1659 1967 1742 2020 pri-

119 2048 270 2087 stinam
304 2045 546 2086 felicitatem
578 2046 813 2085 restitutum
846 2048 912 2086 iri.
983 2044 1087 2085 Cum
1118 2059 1356 2086 sermonem
1398 2058 1521 2084 suum
1559 2042 1743 2083 finiisset

120 2122 277 2176 Ele'lm„
311 2121 430 2162 Deus
461 2124 550 2176 ipse
581 2123 623 2162 in
657 2136 826 2162 scenam
858 2125 1019 2177 prodit,
1052 2122 1157 2164 Jobz·
1176 2126 1350 2176 ejusque
1380 2122 1611 2161 amicorum
1645 2133 1743 2159 con-

119 2201 367 2241 troversiam
408 2201 675 2239 diremturus.
744 2199 880 2240 Docet
914 2210 1052 2241 autem
1095 2215 1149 2241 ex
1188 2199 1428 2241 admirabili
1459 2198 1537 2238 1130
1567 2207 1742 2237 naturae

119 2277 315 2318 machina
348 2286 502 2317 tantam
536 2292 629 2317 esse
661 2278 909 2330 sapientiam
941 2287 1065 2332 atque
1097 2279 1326 2332 potentiam
1357 2290 1500 2325 suam,
1543 2282 1739 2327 quantam

120 2369 244 2394 nemo
278 2353 514 2394 mortalium
548 2356 802 2408 cogitatione
835 2356 1008 2409 adsequi
1040 2357 1184 2409 possit.
1242 2355 1507 2408 Arroganter
1538 2353 1668 2406 igitur
1699 2359 1741 2388 et

121 2441 277 2472 temere
310 2431 462 2472 Jobum
493 2432 668 2480 fecisse,
700 2433 811 2485 quod
837 2446 990 2472 arcana
1020 2434 1205 2472 numinis
1236 2432 1372 2471 divini
1403 2427 1581 2469 consilio
1614 2440 1739 2480 pene-

121 2519 232 2548 trare
269 2507 475 2556 voluerit,
516 2507 830 2564 malorumque,
870 2510 1020 2564 quibus
1051 2509 1300 2565 adfligatur,
1356 2520 1503 2548 causas
1534 2506 1738 2545 sciscitari

125 2598 252 2624 ausus
283 2586 349 2625 sit.
407 2584 578 2635 Quibus
609 2585 691 2626 Dei
722 2587 862 2628 verbis
891 2589 1109 2628 convictus
1138 2587 1272 2633 Jobus
1302 2586 1454 2625 fatetur
1483 2595 1529 2622 se
1561 2594 1742 2629 errasse,

123 2661 350 2715 delictique
381 2664 593 2704 commissi
627 2665 793 2704 veniam
824 2678 847 2704 a
879 2664 971 2705 Deo
1005 2667 1106 2718 petit
1136 2667 1426 2719 impetratque.
1494 2658 1540 2699 In
1574 2657 1740 2712 epilogo

1333 2743 1354 2779 5
1386 2741 1400 2756 ιι
