1968 3095
214 211 269 249 64
838 210 931 247 Pars
960 209 1012 246 11.
1073 208 1163 258 Gap.
1197 209 1230 246 1.

214 334 325 362 esse.
391 318 591 370 Accedit,
641 316 752 373 quod
792 327 833 359 et
864 319 916 360 de
946 319 1183 360 carminum
1214 316 1383 359 illorum
1415 331 1543 360 sensu
1573 319 1741 360 diverse
1770 328 1858 362 sta-

214 408 332 442 tuant
365 401 642 453 interpretes3
691 394 765 436 alii
794 411 975 453 namque
1005 397 1176 438 nonnisi
1219 398 1435 452 proprium
1474 407 1630 452 urgent
1658 411 1853 447 sensum3

215 487 364 521 contra
396 475 470 517 alii
500 475 628 517 altius
659 476 758 531 quid
789 484 914 532 atque
943 476 1129 536 divinius
1158 475 1363 530 indagant
1392 475 1476 529 ⁵⁸).
1534 475 1620 516 Sed
1651 476 1857 517 conceda-

212 567 304 607 tur,
347 556 537 597 carmina
567 553 641 595 illa
675 556 850 608 mystice
889 568 984 596 esse
1023 554 1366 609 interpretanda,
1412 553 1551 595 sicubi
1591 567 1685 595 eam
1723 556 1857 597 inter-

211 636 492 692 pretationem
539 639 665 688 poeta
705 631 847 688 aliquo
881 633 1007 674 modo
1037 634 1250 674 innuerit:
1300 631 1413 673 haud
1445 642 1586 673 tamen
1618 634 1717 675 inde
1748 648 1854 675 con-

217 716 367 770 jicias,
410 721 451 753 et
484 716 698 753 canticum
730 716 997 752 cantieorum
1029 713 1206 765 mystice
1237 712 1625 766 interpretandum,
1675 726 1770 753 cum
1801 726 1855 754 ne

214 793 347 835 verbo
378 792 549 848 quidem
581 790 690 831 hanc
720 790 1112 844 interpretationem
1142 791 1293 832 cantici
1322 788 1437 830 illius
1467 799 1612 831 auctor
1642 805 1857 833 commen-

213 873 393 913 daverit.
453 869 532 923 ΙΙΙ)
566 868 613 910 Si
637 870 807 924 proprio
836 882 963 909 sensu
985 868 1029 908 in
1051 868 1366 923 interpretando
1394 873 1564 910 cantico
1585 874 1853 911 canticorum

212 940 486 1006 adquiescas,
536 956 701 989 tantum
741 947 885 998 abest,
934 956 980 988 ut
1019 947 1071 988 ad
1104 946 1290 988 absurda
1329 947 1580 998 deducaris,
1630 957 1676 990 ut
1715 949 1854 1004 potius

214 1032 358 1072 omnia
397 1029 556 1084 optime
595 1027 778 1076 cedant,
833 1027 959 1068 modo
1000 1040 1053 1067 ne
1095 1031 1244 1080 poetae
1283 1024 1489 1066 Hebraici
1527 1027 1738 1083 imagines
1775 1040 1853 1082 pro

214 1117 455 1150 nostrorum
488 1105 710 1146 hominum
741 1115 1060 1160 temporumque
1092 1118 1219 1144 sensu
1252 1104 1474 1157 dijudices.
1536 1103 1662 1154 Quod
1693 1106 1730 1146 si
1760 1106 1854 1161 quis

214 1187 464 1235 contendat,
507 1184 669 1225 offendi
699 1185 742 1225 in
775 1188 947 1226 cantico
979 1187 1246 1224 canticorum
1283 1180 1422 1234 locos,
1475 1185 1546 1239 qui
1583 1185 1753 1239 proprie
1783 1198 1854 1226 ac-

214 1267 325 1321 cepti
351 1279 444 1306 cum
470 1264 769 1305 Hebraeorum
796 1262 984 1304 moribus
1016 1270 1142 1316 atque
1172 1262 1374 1302 institutis
1406 1261 1518 1303 haud
1547 1264 1710 1316 possint
1738 1276 1855 1303 com-

213 1345 339 1399 poni:
373 1343 541 1393 videat,
581 1357 632 1384 ne
661 1343 769 1383 idem
801 1342 996 1391 eveniat,
1026 1341 1063 1381 si
1093 1337 1176 1380 loci
1209 1337 1271 1379 illi
1305 1341 1347 1380 in
1376 1354 1548 1381 sensum
1580 1339 1853 1396 allegoricum

215 1422 559 1476 detorqueantur.
630 1419 824 1476 Namque
860 1421 903 1460 in
934 1417 1114 1473 figurata
1154 1419 1348 1458 oratione
1379 1418 1491 1459 haud
1524 1421 1686 1470 minus,
1726 1433 1852 1475 quam

212 1501 256 1540 in
290 1501 459 1554 proprio
492 1498 658 1541 dicendi
691 1514 873 1555 genere,
917 1511 1082 1541 morum
1115 1498 1222 1536 ratio
1254 1495 1475 1544 habenda;
1525 1497 1634 1552 quod
1674 1497 1755 1536 nisi
1786 1494 1852 1546 fit,

215 1579 352 1618 oratio
383 1576 592 1632 figurata,
626 1593 732 1634 quae
759 1581 847 1633 jam
883 1579 1035 1620 natura
1064 1578 1141 1618 sua
1174 1575 1394 1617 obscurior
1425 1585 1509 1626 est,
1548 1575 1853 1616 obscurissima

212 1657 378 1697 evadet.
448 1654 570 1704 Quae
599 1659 729 1713 igitur
761 1659 812 1699 de
846 1657 987 1714 puella
1015 1658 1162 1697 vineas
1195 1654 1478 1704 custodiente,
1526 1652 1591 1694 vel
1623 1662 1748 1694 noctu
1780 1668 1854 1694 ur-

216 1734 312 1776 bem
344 1746 591 1790 pererrante
625 1738 666 1777 in
701 1740 872 1777 cantico
904 1740 1171 1777 canticorum
1205 1735 1449 1783 traduntur,
1483 1747 1509 1773 a
1539 1731 1730 1773 moribus
1761 1730 1854 1772 He·-

213 1813 438 1854 braeorum
461 1816 534 1855 vix
557 1814 833 1856 abhorruisse
855 1813 1124 1855 statuendum
1150 1822 1236 1863 est;
1274 1814 1430 1853 etenim
1449 1813 1485 1853 si
1511 1811 1848 1861 abhorruissent,

214 1906 350 1947 neque
380 1891 589 1947 figurata,
641 1907 778 1948 neque
820 1893 993 1946 propria
1024 1893 1067 1931 in
1102 1892 1295 1931 oratione
1327 1889 1466 1931 locum
1497 1890 1654 1930 habere
1689 1890 1852 1944 potuis-

213 1981 324 2015 sent.
395 1969 515 2018 Quae
559 1981 804 2026 praeterea,
855 1971 1020 2024 proprie
1063 1977 1258 2022 accepta,
1308 1968 1415 2007 mira
1458 1968 1682 2017 videntur,
1735 1965 1850 2008 haud

214 2049 454 2098 offendent,
496 2051 533 2090 si
565 2049 782 2089 ardentem
815 2053 961 2103 poetae
994 2047 1172 2088 Asiatici
1204 2047 1467 2101 imaginandi
1504 2047 1588 2087 vim
1620 2046 1847 2100 respiciet-3

216 2137 362 2168 contra
393 2126 522 2168 multo
554 2126 817 2168 mirabiliora
847 2126 932 2167 alia
963 2125 1239 2176 videbuntur,
1277 2125 1314 2165 si
1346 2122 1618 2180 allegoricam
1650 2124 1851 2165 carminis

215 2207 413 2247 admittas
459 2208 865 2262 interpretationem.
947 2203 1092 2253 Quid,
1144 2217 1332 2257 quaeso,
1387 2206 1424 2245 si
1462 2200 1765 2245 adolescentuli
1807 2211 1850 2243 et

215 2284 380 2339 puellae
410 2288 590 2339 persona
614 2286 721 2326 Jova
752 2283 1013 2340 populusque
1039 2282 1302 2333 [lehi-aiens,
1335 2281 1401 2323 vel
1428 2280 1623 2324 Christus
1652 2291 1695 2323 et
1716 2279 1852 2322 eccle-

214 2364 278 2403 sia
299 2361 541 2404 Christiana
566 2363 713 2416 latent,
748 2365 862 2419 quid,
895 2366 1081 2417 iuquam,
1112 2362 1194 2404 sibi
1225 2360 1370 2402 volunt
1397 2362 1703 2416 descriptiones
1734 2358 1850 2412 illae,

216 2455 323 2497 quae
356 2456 442 2496 cap.
476 2441 530 2493 V,
563 2447 614 2483 10
634 2469 682 2474 —
706 2447 779 2495 16,
812 2442 919 2494 Vll,
954 2447 978 2482 2
998 2466 1049 2472 —-
1073 2445 1124 2491 8,
1154 2439 1387 2481 habentur?
1438 2438 1592 2480 Nonne
1623 2438 1850 2480 ridiculum

217 2521 396 2570 videtur,
427 2521 556 2562 Jovae
586 2532 771 2561 ventrem
807 2521 1036 2562 eburneum
1070 2533 1274 2573 cruraque
1307 2533 1568 2569 marmorea,
1606 2516 1849 2574 populoque

277 2689 350 2740 58)
382 2694 506 2729 Joncs
540 2692 808 2730 commentarii
842 2692 888 2728 dc
922 2691 1030 2742 poesi
1063 2689 1267 2736 Asiatica,
1307 2704 1354 2728 ex
1389 2690 1484 2729 edit.
1518 2688 1743 2728 Eichhornii
1769 2716 1779 2736 ‚
1811 2702 1848 2740 p.

338 2758 417 2796 18&
441 2783 491 2787 ⁷-
519 2759 610 2797 196.
