1968 3095
173 196 227 234 54
786 197 878 233 Pars
908 196 938 232 1.
1004 197 1092 245 Cap.
1124 195 1197 232 111.

179 305 327 345 eadem
368 304 457 344 fuit.
528 303 693 344 Arabes
731 303 916 345 motibus
947 303 1034 346 illis
1066 303 1288 356 civilibus,
1331 304 1485 359 quibus
1515 304 1615 345 inde
1646 319 1671 345 a
1702 303 1830 346 cele-1

179 394 365 436 beri-ima
396 392 470 433 illa
502 393 665 448 epocha
708 385 800 449 &²55
837 390 929 439 &dem
965 396 1170 450 exagitati
1203 394 1346 445 fuere,
1379 394 1420 434 in
1448 392 1700 448 populorum
1721 391 1814 434 cul-

183 474 365 522 tiorum,
409 472 636 524 Syrorum,
683 472 902 513 Persarum
944 483 1067 528 atque
1099 473 1387 514 Romanorum
1419 481 1655 513 contactum
1688 472 1818 513 deve-

184 559 359 597 nerunt3
392 563 499 604 quae
532 564 599 590 res
632 565 713 590 non
749 558 925 605 poeseos
957 561 1118 592 tantum
1153 552 1365 601 studium,
1400 564 1546 591 verum
1579 564 1746 591 omnem
1772 552 1816 597 in

183 631 427 669 universum
469 629 631 682 ingenii
672 628 827 670 cultum
867 630 981 670 haud
1025 645 1168 684 parum
1213 631 1366 683 juvare
1414 629 1575 670 debuit.
1659 626 1819 670 Contra

183 706 396 747 Hebraeis
435 721 530 747 cum
572 706 870 749 incultior-ibus
912 708 1104 763 populis,
1160 709 1315 748 deserti
1353 706 1514 748 scilicet
1554 705 1730 747 Arabici
1776 714 1821 746 et

183 783 451 825 Palaestinae
484 784 635 826 incolis
667 788 874 841 antiquis,
918 786 1019 827 belli
1051 789 1235 828 maxime
1268 787 1567 827 commercium
1598 785 1702 836 fuit,
1736 799 1831 840 quo>

184 877 322 918 neque
351 869 529 918 poeseos
559 865 768 915 studium,
802 880 936 921 neque
962 867 1121 921 ingenii
1147 864 1282 906 cultus
1306 867 1348 905 in
1374 866 1618 905 universum
1642 863 1817 904 multum

182 943 426 996 promoveri
465 944 612 996 potuit.
702 942 846 992 Quare
877 953 918 984 et
947 950 1125 998 poeseos
1156 953 1197 984 et
1225 942 1479 998 reliquarum
1512 945 1665 983 artium
1696 952 1823 997 atque

182 1022 456 1062 scientiarum
498 1022 637 1062 studia
678 1023 788 1076 apud
831 1022 1055 1066 Hebraeos
1093 1022 1279 1073 lentius,
1334 1037 1458 1077 quam
1491 1022 1602 1076 apud
1633 1020 1816 1070 Arabes,

183 1101 448 1153 processere.
531 1099 680 1150 Adde,
728 1101 840 1156 quod
871 1110 912 1141 et
939 1101 1148 1142 libertatis
1181 1100 1498 1155 bellorumque,
1540 1114 1644 1155 quas
1674 1100 1820 1140 itidem·

187 1191 435 1217 communes
459 1182 639 1232 poeseos
661 1192 812 1219 causas
834 1178 1024 1219 Hebraei
1047 1179 1295 1234 Arabesque
1317 1179 1573 1229 habuerunt,
1606 1177 1834 1234 aliquanto·

186 1256 354 1297 diversa
387 1258 494 1311 apud
525 1266 748 1311 utrumque
779 1256 982 1312 populum
1021 1258 1150 1299 fuerit
1180 1259 1300 1299 ratio.
1369 1258 1586 1299 Arabibus
1627 1259 1726 1297 inde
1766 1257 1819 1298 ab

186 1335 497 1388 antiquissimis
536 1334 798 1389 temporibus
836 1337 1176 1377 ardentissimum
1209 1335 1419 1376 libertatis
1451 1335 1663 1387 studium,
1699 1337 1823 1392 inge-

187 1413 388 1467 niumque
423 1411 823 1464 bellicosissimum,
873 1415 978 1454 adeo
1010 1424 1055 1456 ut
1086 1429 1137 1455 ea
1167 1429 1273 1470 gens
1307 1415 1378 1455 vix
1411 1412 1498 1454 ullo
1529 1421 1717 1468 tempore
1749 1429 1832 1469 per

188 1491 299 1530 nitus
331 1490 495 1531 devicta
526 1499 649 1545 atque
682 1491 858 1532 subacta
889 1493 1030 1535 fuerit.
1093 1492 1217 1542 Quod
1247 1492 1455 1534 libertatis
1486 1493 1670 1533 studium
1703 1494 1822 1549 inge·

187 1570 388 1624 niumque
422 1567 671 1610 bellicosum
706 1572 831 1611 etiam
864 1573 907 1612 in
940 1587 1085 1613 eorum
1118 1574 1238 1628 poesi
1279 1587 1401 1627 quam
1436 1572 1622 1612 maxime
1651 1573 1821 1627 conspi-

188 1648 309 1688 citur.
350 1646 554 1699 Quinimo
574 1647 685 1689 haud
709 1663 855 1691 vereor
876 1652 1146 1701 contendere,
1180 1657 1357 1705 poeseos
1377 1648 1588 1690 Arabicae
1611 1663 1822 1691 summum

189 1724 339 1767 florem
377 1726 560 1767 heroicis
593 1729 799 1769 contineri
831 1729 1104 1770 carminibus.
1174 1728 1370 1769 Hebraei
1402 1726 1610 1769 libertatis
1649 1730 1823 1770 omnino

189 1806 316 1844 etiam
349 1813 564 1855 amantes,
597 1807 669 1847 sed
704 1810 875 1862 ingenio
907 1809 1045 1848 minus
1078 1807 1281 1849 bellicoso
1310 1807 1441 1848 fuere.
1502 1806 1653 1848 Omnis
1676 1821 1821 1849 eorum

191 1889 231 1921 et
254 1881 422 1936 publica
447 1892 487 1923 et
508 1885 667 1938 privata
687 1899 753 1925 res
776 1888 833 1925 ita
854 1888 1044 1926 instituta
1069 1886 1161 1935 fuit,
1189 1895 1246 1934 nt,
1269 1899 1371 1940 agro
1389 1884 1568 1926 colendo
1589 1884 1655 1925 vel
1679 1889 1821 1940 pecori

189 1960 400 2012 pascendo
443 1962 620 2011 intenti,
666 1965 773 2003 intra
804 1974 941 2003 terrae
973 1977 1073 2003 suae
1105 1962 1212 2004 fines
1245 1978 1289 2003 se
1321 1972 1536 2014 tenerent,
1581 1972 1622 2003 et
1651 1966 1821 2006 nonnisi

189 2035 308 2077 illata
341 2039 381 2077 vi
413 2042 543 2079 coacti
579 2055 695 2080 arina
735 2048 952 2080 sumerent
992 2040 1217 2095 hostesque
1256 2041 1561 2096 propulsarent.
1632 2041 1729 2091 Quo
1761 2043 1822 2084 fa-

191 2123 328 2164 ctum,
359 2115 516 2169 utplus
541 2116 720 2171 simplici
755 2119 845 2158 vice
878 2118 929 2158 ab
965 2121 1120 2159 exteris
1156 2119 1321 2174 populis
1353 2120 1666 2162 debellarentur
1697 2130 1822 2177 atque

191 2192 504 2247 subigerentur.
591 2194 733 2244 Quare
777 2206 817 2236 et
855 2198 896 2236 in
938 2211 1083 2237 eorum
1125 2201 1241 2252 poesi
1283 2214 1545 2253 nequaquam
1586 2199 1708 2240 ferox
1749 2199 1823 2241 ille

193 2270 504 2327 bellicosusque
537 2276 702 2315 animus
734 2277 942 2324 cernitur,
985 2291 1106 2330 quem
1139 2292 1289 2331 magna
1322 2292 1415 2332 pars
1448 2280 1680 2318 carminum
1713 2278 1821 2319 Ara—

193 2348 382 2389 bicorum
407 2353 551 2405 spirat.
614 2352 737 2393 llaud
763 2354 928 2409 quidem
958 2354 1331 2405 dissimulandum,
1366 2355 1581 2396 heroicam
1604 2355 1821 2396 Hebraeo-

191 2442 282 2467 rum
316 2430 460 2482 poi²sin
493 2432 721 2471 maximam
754 2442 913 2486 partem
947 2431 1205 2486 deperditam
1238 2447 1354 2480 esse3
1401 2447 1544 2473 verum
1574 2448 1626 2474 ex
1657 2437 1819 2489 paucis,

195 2520 301 2559 quae
333 2506 470 2547 adhuc
502 2519 753 2561 supersunt,
795 2510 924 2563 hujus
955 2512 1124 2564 generis
1157 2511 1416 2551 carminibus
1448 2521 1486 2551 et
1510 2513 1820 2567 deperditorum

193 2584 357 2624 indoles
390 2586 611 2639 dijudicari
644 2601 766 2640 posse
801 2588 979 2628 videtur.
1049 2587 1094 2627 ln
1126 2587 1210 2628 illis
1243 2598 1381 2630 autem
1413 2590 1667 2632 carminibus
1697 2592 1820 2634 ferox

194 2660 410 2704 bellatoris
444 2666 610 2705 animus
642 2666 793 2718 pietate
829 2667 868 2705 in
903 2664 1038 2705 Deum
1072 2667 1347 2721 deprimitur,
1392 2683 1527 2723 neque
1563 2670 1735 2710 victoria
1767 2670 1818 2711 de

196 2738 385 2781 hostibus
417 2751 628 2796 reportata
654 2742 849 2783 humanis
873 2743 1058 2794 xii-ibus,
1093 2747 1164 2786 scd
1194 2746 1355 2787 auxilio
1382 2747 1526 2788 dixino
1549 2746 1760 2789 tribuitur.
