1968 3095
200 163 281 199 214
806 164 900 200 Pars
930 164 996 202 IV.
1057 165 1148 213 Cap.
1179 166 1211 203 1.

208 269 519 321 Romanorum,
560 271 781 320 adstricta,
825 286 878 312 an
910 269 1100 314 liberiori
1139 274 1318 330 quadam
1353 276 1590 324 structura,
1631 274 1682 316 ad
1715 272 1833 316 solu·

207 357 290 389 tam
328 349 496 402 propius
521 350 748 390 accedente
781 351 1050 402 orationem,
1073 351 1229 392 fuer-int
1258 352 1514 408 composita?
1544 351 1591 393 In
1624 352 1833 404 diversas,

205 437 251 468 ut
282 426 376 466 fieri
408 426 589 478 assolet,
632 439 772 483 partes
811 431 1047 470 sententiae
1078 429 1237 471 abiere.
1300 430 1460 480 Fuere,
1502 431 1572 486 qui
1604 431 1836 472 contende·-

207 516 324 556 rent,
366 504 660 548 Hebraeorum
701 509 812 549 haud
856 511 1016 561 minus,
1060 524 1182 563 quam
1218 508 1475 549 Graecorum
1517 519 1641 564 atque
1679 507 1838 550 Roma.-

209 598 356 624 norum
390 585 578 624 carmina
609 584 774 640 legibus
816 589 1000 628 metricis
1031 601 1125 626 esse
1163 587 1375 636 obnoxia,
1417 587 1523 626 adeo
1553 588 1747 641 quidem,
1792 596 1838 628 ut

210 675 284 715 pro
315 660 484 701 diverso
515 662 770 716 syllabarum
802 679 977 705 numero
1010 674 1132 719 atque
1157 675 1302 704 tenore
1325 665 1482 704 diversi
1507 678 1671 719 quoque
1697 665 1838 720 pedes,

209 748 250 778 et
282 753 359 794 pro
389 741 558 781 diversa
589 743 740 795 pedum
767 745 929 782 ratione
957 743 1123 782 diversa
1146 744 1271 782 etiam
1298 755 1492 782 versuum
1520 756 1678 796 genera
1699 740 1838 783 locum

207 817 426 858 haberent.
486 816 636 874 Neque
676 820 948 869 dubitarunt,
992 819 1108 874 leges
1139 819 1436 860 Hebraeorum
1471 821 1667 860 metricas
1698 819 1837 862 adhuc

209 909 333 949 posse
366 897 588 944 extricari3
628 900 727 951 quin
769 900 854 938 imo
893 897 1124 952 periculum
1155 897 1365 946 fecerunt,
1405 899 1592 938 carmina
1624 896 1838 939 Hebraica

207 974 258 1013 ad
293 983 425 1012 metra
457 988 534 1015 sua
564 978 806 1018 revocandi.
865 975 954 1017 Alii
989 975 1282 1016 Hebraeorum
1324 977 1469 1030 poesin
1511 978 1696 1018 metricis
1725 975 1838 1031 legi-

208 1049 285 1089 bus
317 1051 558 1092 adstrictam
604 1055 769 1109 quidem
813 1069 908 1094 esse
940 1055 1199 1105 concedunt,
1240 1063 1281 1094 at
1324 1067 1422 1094 vero
1454 1052 1572 1109 leges
1606 1053 1726 1105 illas,
1767 1055 1840 1096 de-

206 1129 371 1181 perdita
403 1137 464 1170 tot
495 1131 734 1173 seculorum
775 1133 953 1173 decursu
995 1131 1167 1187 linguae
1199 1131 1437 1172 Hebraicae
1476 1134 1838 1186 pronuntiatione,

204 1207 348 1246 nostra
380 1217 518 1248 aetate
550 1213 728 1266 perspici
766 1221 888 1266 atque
931 1212 1129 1251 extricari
1171 1224 1297 1265 posse
1338 1219 1508 1265 negant.
1581 1208 1732 1266 Neque
1763 1212 1835 1252 de-

204 1294 325 1333 sunt,
359 1286 428 1338 qui
460 1290 648 1329 carmina
672 1288 886 1330 Hebraica
916 1291 1129 1343 justorum
1164 1299 1390 1329 metrorum
1426 1286 1604 1328 vinculis
1634 1289 1836 1330 destituta

205 1359 395 1402 liberiori
428 1362 568 1418 aliquo
602 1381 775 1407 numero
821 1370 912 1407 sive
954 1367 1152 1420 rhythmo
1184 1367 1283 1406 ferri
1318 1367 1577 1406 existiment.
1636 1365 1682 1407 In
1717 1377 1834 1408 tanto

206 1440 389 1478 virorum
423 1443 640 1483 doctorum
674 1446 868 1486 dissensu
911 1444 1021 1485 haud
1064 1444 1247 1484 alienum
1291 1459 1314 1484 a
1347 1446 1564 1498 proposito
1596 1454 1738 1485 nostro
1766 1446 1837 1499 ju·-

205 1518 420 1568 dieamus,
465 1521 653 1562 diversas
693 1521 790 1563 illas
836 1525 948 1563 circa
988 1532 1207 1563 externam
1250 1523 1485 1562 carminum
1524 1521 1835 1564 Hebraicorum

203 1595 383 1636 formam
416 1601 646 1640 sententias
675 1603 913 1641 accuratius
945 1600 1162 1655 aliquanto
1195 1600 1450 1655 expendere.

897 1738 933 1786 ς.
974 1735 1138 1776 cxvl.

321 1833 363 1875 I.
403 1833 697 1875 Hebraeorum
729 1838 916 1877 carmina
947 1835 1112 1891 legibus
1146 1841 1338 1878 metricis
1372 1836 1611 1886 adstricta,
1644 1836 1833 1878 diversa-

205 1924 286 1965 que
331 1924 528 1953 versuum
569 1928 751 1968 genera,
803 1914 1086 1964 laea-amena,
1123 1922 1423 1969 penlametra,
1470 1919 1696 1966 trimelra,
1745 1914 1835 1955 He—

207 1988 428 2029 braeorum
465 1992 596 2043 poetis
629 1993 784 2031 usitata
814 2006 908 2032 esse
935 1991 1277 2046 ja111Josephus,
1314 1994 1557 2031 notissimus
1590 1992 1660 2032 ille
1693 2008 1833 2034 rerum

205 2067 472 2107 Judaicarun·
496 2070 700 2122 scriptor,
734 2072 872 2110 medio
907 2069 1049 2110 seculo
1078 2072 1212 2124 primo
1235 2069 1395 2121 clarus,
1428 2071 1657 2113 contendit.
1703 2069 1834 2112 Nam-

210 2158 288 2198 que
328 2145 657 2199 Aule'qne'lulum
697 2147 981 2189 Jmlm‘carnm
1022 2148 1130 2188 libro
1170 2148 1233 2197 Il,
1287 2163 1376 2202 cap.
1421 2147 1553 2198 XVI,
1602 2149 1652 2188 de
1692 2149 1834 2190 Illo-tis

206 2224 393 2271 cantico,
431 2238 513 2274 quo
549 2225 752 2265 mirabilis
786 2226 856 2266 ille
890 2242 959 2281 per
991 2241 1106 2266 mare
1142 2227 1310 2267 rubrum
1344 2228 1544 2265 transitus
1575 2226 1828 2278 celebratur,

208 2303 463 2340 mentionem
496 2303 719 2354 injiciens,
762 2306 801 2344 in
834 2304 944 2344 hunc
976 2307 1144 2345 modum
1177 2306 1369 2345 disserit:
1413 2305 1476 2344 καὶ
1508 2306 1695 2358 ΖΙἸωϋσῆς
1721 2304 1831 2359 ὠὸἣν

206 2377 261 2425 εἷς
280 2377 349 2418 τόν
381 2379 506 2428 θεὸν,
539 2380 734 2433 ἐγκώμιόν
765 2399 804 2422 τε
836 2384 899 2422 καὶ
930 2385 1004 2435 τῆς
1036 2383 1240 2435 εὐμενείας
1267 2381 1519 2436 εὐχαριστίαν
1553 2386 1829 2437 περιέχουσαν,

207 2455 247 2496 ἒν
270 2454 474 2512 ἑξαμέτρῳ
502 2457 605 2513 πόνῳ
639 2461 877 2511 συντίθησι,
908 2462 935 2500 i.
969 2475 1006 2501 e.
1030 2471 1072 2501 et
1104 2461 1248 2501 Moses
1281 2476 1446 2500 carmen
1482 2463 1522 2500 in
1549 2460 1710 2510 Deum,
1741 2459 1830 2500 lau-

207 2536 281 2575 des
313 2546 353 2574 et
382 2537 612 2589 gratiarum
647 2539 853 2576 actionem
884 2552 957 2590 pro
985 2538 1280 2579 benevolentia
1304 2541 1548 2588 continens,
1582 2537 1829 2579 hexametro

210 2627 331 2652 versu
366 2616 617 2666 composuit.
679 2612 790 2651 ldem
823 2624 970 2653 auctor
1001 2616 1242 2668 Aule'que'll.
1278 2615 1385 2657 libro
1418 2616 1504 2665 lv,
1537 2618 1674 2670 capite
1709 2615 1826 2667 VIII,

206 2690 258 2730 de
288 2689 420 2730 altero
447 2691 584 2732 Moses
615 2693 803 2741 cantico,
835 2693 947 2746 quod
979 2692 1148 2733 divinus
1180 2693 1251 2734 ille
1277 2697 1361 2745 vir,
1393 2708 1416 2734 e
1438 2695 1522 2735 viui
1549 2694 1827 2745 discessurus,

1910 0 1950 1371 t

1919 1374 1935 1435 ²1

1912 1438 1932 1464 ,01

1923 1469 1934 1527 3
