1968 3095
213 179 294 216 206
806 175 897 212 Pars
930 175 1002 212 111.
1063 173 1155 222 Cap.
1181 173 1253 210 111.

212 295 350 329 tentos
379 286 512 327 fuisse
537 283 884 325 existimaverim.
927 280 1122 338 Namque
1148 281 1219 323 ubi
1249 282 1434 322 metricis
1463 278 1630 337 legibus
1655 280 1867 322 obnoxia*

213 375 276 406 est
308 365 468 413 oratio,
500 363 630 404 animi
659 374 810 403 sensus
835 369 960 416 atque
991 362 1269 416 cogitationes
1301 375 1383 401 non
1415 359 1550 400 libere
1581 359 1688 400 adeo
1718 368 1842 414 atque

214 442 462 497 simpliciter
493 439 637 480 efferri
668 452 818 494 posse,
859 453 982 494 quam
1016 441 1052 480 si
1083 438 1276 480 solutiori
1307 441 1442 480 utaris
1471 438 1637 480 dicendi
1671 450 1843 493 genere,

213 535 337 563 nemo
370 528 458 569 est,
499 519 568 573 qui
597 520 777 574 ignoret.
839 518 967 559 Haud
1009 519 1178 573 quidem
1209 517 1500 566 infitiandum,
1539 518 1724 557 seriores
1754 514 1843 555 He-

215 600 442 641 braeorum
475 602 620 651 poetas
652 611 675 636 a
706 597 939 650 priscorum
971 596 1239 650 simplicitate
1270 595 1382 635 haud
1415 609 1562 649 parum
1594 593 1845 644 deflexisse3
1877 619 1883 628 ·

213 688 256 718 at
288 691 388 717 vero
419 679 454 717 si
480 689 571 715 cum
598 673 905 715 recentioribus
927 674 1115 715 Arabum
1142 676 1277 728 poetis
1302 680 1635 726 componantur,
1667 670 1843 712 multum

212 765 351 797 tamen
382 753 498 794 hisce
531 753 837 807 anteponendi;
879 766 1015 806 neque
1047 753 1157 807 apud
1195 742 1292 792 illos
1324 752 1534 805 ejusmodi
1565 751 1690 790 tricas
1720 758 1864 804 atque,

212 835 393 888 ineptias
425 831 744 885 deprehendes,
794 829 939 885 quales
971 831 1164 884 superius
1205 844 1258 870 ex
1290 828 1579 871 Motanahbio
1611 827 1845 882 depromsi·
1888 851 1891 888 s

214 927 333 961 mus,
366 909 602 965 quibusque
634 917 793 949 tanturn
826 923 907 948 non
942 923 1089 949 omnes
1120 908 1337 949 inferioris
1368 909 1462 948 aevi
1494 912 1642 961 poetae
1667 904 1843 946 Arabici

215 990 362 1030 referti
376 1020 378 1023 .
392 995 504 1029 sunt.

939 1069 977 1117 ξ.
1019 1065 1113 1107 CV,

330 1146 465 1187 Sicuti
495 1145 779 1199 simplicitate
807 1143 1101 1186 Hebraeorum
1142 1150 1293 1200 poetae
1324 1141 1490 1183 Arabes
1526 1149 1751 1197 superant,
1787 1142 1847 1182 ita

217 1228 342 1266 etiam
376 1223 645 1265 sublimitate
676 1222 774 1263 illos
808 1223 924 1264 bisce
955 1223 1272 1278 anteponendos
1310 1235 1548 1262 censemus.
1610 1219 1763 1273 Hujus·
1783 1220 1847 1260 rei

216 1318 344 1344 causa
381 1304 423 1342 in
466 1311 717 1363 argumento
758 1303 1050 1355 potissimum,
1097 1300 1211 1355 quod
1253 1301 1417 1354 utrique
1454 1299 1720 1340 tractandum
1762 1296 1846 1338 sibi

216 1389 473 1429 sumserunt,
506 1382 645 1433 posita
664 1380 842 1419 videtur.
889 1379 1183 1419 Hebraeorum
1212 1379 1352 1433 poesis
1379 1379 1562 1418 maxime
1589 1390 1656 1416 res
1680 1376 1846 1416 divinas

216 1468 399 1513 spectat,
431 1471 603 1511 quarum
631 1459 836 1497 immensa
861 1456 1098 1497 sublimitas
1121 1458 1308 1496 animum
1336 1458 1448 1509 pium
1473 1453 1724 1495 sublimibus
1749 1467 1848 1494 sen-

219 1537 338 1578 sibus
377 1545 502 1590 atque
548 1535 877 1590 cogitationibus
915 1534 1101 1585 imbuat,
1145 1548 1320 1574 necesse
1360 1541 1437 1574 est.
1513 1531 1703 1572 Arabum
1743 1541 1846 1572 vero

217 1616 358 1669 poesis
390 1616 432 1653 in
467 1612 664 1654 humanis
695 1613 824 1654 rebus
856 1612 1145 1653 describendis
1178 1613 1440 1666 potissimum
1473 1618 1690 1659 versatur,
1722 1622 1846 1664 quae,

1914 1640 1918 1655 -
1914 1621 1919 1627 ,
1902 1584 1915 1609 z.
1908 1564 1914 1574 s<
1910 1549 1913 1554 .
1888 1490 1914 1526 δ’
1894 1110 1915 1479 ,ΙἎΑᾹᾼΡΔΨΑ-ὡῌ,

217 1691 317 1733 licet
347 1694 474 1733 etiam
505 1706 627 1732 suum
659 1692 846 1745 pondus,
887 1704 1091 1745 suamque
1132 1689 1319 1729 babeant
1356 1689 1661 1743 granditatem,
1705 1697 1846 1728 tamen
1898 1729 1903 1732 ,

218 1784 244 1810 a
271 1770 395 1811 rebus
428 1770 584 1810 divinis
616 1768 864 1823 longissime
897 1770 1066 1809 distant.
1127 1767 1253 1807 Haud
1287 1768 1453 1821 quidem
1490 1767 1640 1806 desunt
1671 1773 1712 1806 et
1742 1764 1849 1806 Ara-

1889 1789 1917 1851 ..ἐκ

219 1847 320 1889 bum
363 1850 481 1902 po'esi
527 1849 737 1896 carmina,
793 1848 979 1886 numinis
1029 1847 1159 1886 divini
1210 1844 1359 1885 laudes
1411 1843 1690 1891 celebrantia;
1740 1857 1848 1898 quae
1892 1884 1898 1892 ,

221 1935 361 1966 tamen
396 1927 447 1965 ad
480 1939 529 1964 ea
562 1926 773 1978 pertinent
805 1933 1018 1977 tempora,
1053 1923 1204 1976 quibus
1236 1924 1425 1975 poeticus
1459 1920 1646 1960 Arabum
1677 1922 1850 1974 spiritus

216 2005 304 2056 jam
338 2002 587 2057 languebat3
622 2010 839 2055 praeterea
862 2000 912 2040 ab
937 2003 988 2040 iis
1012 1999 1254 2040 hominibus
1288 1999 1382 2038 fusa
1404 2007 1526 2047 sunt,
1561 1998 1712 2052 quibus
1741 1997 1850 2038 mul-

220 2090 308 2120 tum
351 2081 517 2134 quidem
564 2081 757 2134 pietatis,
807 2079 878 2118 sed
920 2092 1062 2133 parum
1103 2079 1262 2131 ingenii
1307 2077 1458 2130 poetici
1499 2076 1630 2116 fuisse
1673 2076 1850 2122 videtur,

220 2157 368 2198 Prisca
418 2156 490 2197 illa
537 2166 660 2211 atque
707 2155 928 2196 sublimior
968 2154 1155 2196 Arabum
1199 2155 1338 2208 poesis
1385 2157 1522 2194 omnis
1564 2156 1606 2194 in
1654 2153 1850 2195 humanis

223 2235 350 2275 rebus
384 2236 606 2288 pingendis
636 2243 852 2283 versatur,
884 2247 907 2272 e
941 2233 1091 2288 quibus
1125 2234 1175 2273 ad
1207 2233 1456 2274 excitandos
1486 2231 1689 2273 sublimes
1720 2233 1850 2272 animi

224 2325 375 2352 sensus
408 2310 463 2362 nil
497 2310 708 2352 efficacius
739 2311 849 2352 bello
883 2310 1119 2365 bellicaque
1148 2313 1301 2351 virtute
1333 2319 1457 2364 atque
1490 2308 1685 2356 victori313
1720 2321 1850 2363 qnare

224 2398 268 2429 et
299 2388 469 2428 bei-oica
507 2389 693 2429 Arabum
738 2392 927 2431 carmina
968 2403 1066 2443 prae
1108 2390 1259 2429 ceteris
1301 2386 1562 2428 sublimitate
1601 2401 1695 2427 sese
1735 2399 1851 2427 com-

224 2468 438 2508 mendant.
501 2465 554 2506 At
587 2482 685 2507 vero
717 2470 752 2507 si
786 2467 885 2507 belli
919 2476 1102 2507 terrores
1130 2475 1171 2506 et
1201 2464 1414 2519 praeclara
1440 2465 1630 2505 facinora
1662 2465 1703 2504 in
1737 2462 1850 2504 bello

227 2554 387 2598 patrata
414 2558 506 2583 cum
543 2546 726 2583 numinis
759 2545 888 2583 divini
915 2546 1135 2596 majestate
1166 2549 1290 2597 atquc
1316 2544 1502 2596 potentia
1528 2551 1848 2596 componantur,

227 2637 349 2676 quiam
381 2621 510 2662 exilia
543 2621 614 2661 illa
647 2630 769 2675 atque
802 2620 953 2674 pusilla
987 2620 1253 2661 videbuntur.
1314 2620 1436 2661 Unde
1468 2621 1630 2669 evenit,
1672 2628 1740 2668 ut,
1777 2619 1849 2674 qui

227 2701 411 2738 numini-3
441 2701 571 2740 divini
598 2702 860 2752 majestatem
891 2709 1012 2753 atque
1034 2700 1262 2751 potentiam
1289 2699 1532 2752 praedicant
1554 2695 1848 2737 Hebraeorum
