1968 3095
172 189 250 225 116
778 189 871 226 Pars
901 188 974 226 111.
1037 188 1127 237 Cap.
1160 187 1188 224 Ι.

450 298 710 338 Sternutatio
741 299 836 351 ejus
868 296 1003 338 lucem
1036 296 1329 352 splendentem
1360 297 1534 346 emittit,

449 373 657 429 Oculique
689 383 886 429 tanquam
921 374 1148 430 palpebrae
1180 388 1372 415 aurorae.

452 453 486 493 E
519 453 711 494 faucibus
742 453 857 494 faces
888 455 1122 509 prodeunt,

454 530 674 572 Scintillae
705 533 814 587 ignis
844 547 890 573 se
923 534 1177 588 proripiunt.

455 609 488 648 E
522 609 696 651 naribus
729 611 871 651 fumus
903 613 1016 661 exit»,

452 686 588 727 Instar
619 686 729 727 ollae
761 691 992 730 aestuantis
1021 697 1146 744 atque
1186 688 1326 728 aheni.

455 764 627 807 Halitus
659 768 752 820 ejus
785 768 996 809 carbones
1036 768 1247 817 incendit,

456 843 729 899 Flammaque
763 859 817 886 ex
849 859 922 886 ore
952 847 1108 901 prodit.

454 921 500 961 In
532 920 641 963 collo
674 925 768 977 ejus
795 922 924 964 robur
963 932 1270 971 commoratur,

456 999 508 1039 Et
540 1013 683 1041 coram
714 1001 822 1042 facie
854 999 1041 1042 exsultat
1071 1010 1219 1042 terror.

451 1076 626 1119 Ferrum
660 1093 736 1134 pro
767 1079 890 1135 palea
923 1080 1078 1128 habet,

452 1157 543 1197 Aes
576 1172 651 1212 pro
694 1159 861 1212 putrido
892 1159 1023 1214 ligno.

452 1233 690 1276 Fervefacit
724 1234 834 1276 ollae
866 1238 1000 1277 instar
1031 1235 1254 1290 abyssum,

452 1310 573 1352 Mai-e
608 1315 745 1355 reddit
776 1315 885 1355 sicut
915 1324 1228 1370 unguentorum
1261 1315 1621 1355 commixtionem.

173 1397 256 1437 Sed
299 1396 418 1440 locus
459 1415 536 1441 nos
580 1400 806 1454 deficeret,
854 1406 914 1457 si,
975 1417 1248 1462 quaecunque
1288 1401 1513 1444 sublimius
1551 1403 1670 1444 effati
1706 1411 1806 1444 sunt

173 1474 468 1518 Hebraeorum
502 1484 677 1532 poetae,
721 1480 910 1533 proferre
941 1481 1144 1530 velimus3
1186 1496 1315 1536 quare
1355 1496 1486 1522 unum
1519 1482 1561 1522 id
1592 1481 1803 1532 addimus,

174 1554 384 1608 integrum
418 1557 508 1596 fere
541 1556 648 1598 Jobz‘
674 1556 851 1607 librum,
897 1558 1094 1600 videlicet
1124 1561 1222 1600 inde
1254 1574 1278 1599 a
1310 1561 1436 1601 tertio
1465 1562 1600 1615 capite
1630 1560 1681 1601 ad
1712 1561 1800 1616 pri-

174 1645 288 1672 mum
330 1642 371 1672 et
401 1635 768 1689 quadragesimum
811 1650 962 1691 usque,
1003 1639 1309 1693 cogitationum
1346 1651 1630 1693 sensuumque
1665 1637 1802 1680 subli-

174 1711 315 1751 mitate
346 1725 440 1752 esse
466 1713 689 1767 insignem.
1319 1699 1329 1704 -

847 1840 885 1888 §-
930 1837 1130 1878 vam.

287 1932 411 1981 Quod
440 1935 491 1974 ad
527 1937 783 1977 elocutionis
811 1939 962 1978 attinet
991 1938 1323 1989 sublimitatem,
1369 1951 1419 1977 ea
1460 1936 1526 1977 vel
1554 1939 1596 1978 in
1629 1947 1797 1979 senten-

172 2012 324 2051 tiarum
359 2012 719 2063 conformatione,
761 2013 828 2054 vel
870 2017 912 2055 in
954 2015 1177 2055 verborum
1219 2015 1384 2056 delectu
1424 2014 1563 2056 locum
1605 2015 1794 2058 habebit.

172 2085 378 2136 Quamvis
409 2104 548 2130 sermo
579 2091 818 2131 Ilebraicus
849 2102 890 2132 et
921 2094 962 2132 in
1004 2093 1235 2134 formandis
1276 2096 1498 2135 sententiis
1530 2094 1796 2150 simplicissi-

168 2180 263 2205 mus
294 2167 371 2216 sit,
411 2176 452 2207 et
482 2169 793 2222 epitlietorum,
833 2170 985 2224 quibus
1019 2174 1203 2212 maxime
1244 2182 1416 2212 ornatur
1447 2174 1608 2222 oratio,
1652 2174 1796 2228 inopia

169 2243 345 2295 quadam
380 2242 566 2292 laboret,
614 2257 752 2288 tamen
785 2248 894 2289 haud
929 2251 1080 2290 desunt
1123 2262 1161 2290 et
1195 2253 1234 2290 in
1279 2250 1543 2300 elocutione,
1591 2265 1698 2305 quae
1740 2252 1792 2292 ad

167 2322 370 2361 orationis
409 2321 711 2365 sublimitatem
753 2327 986 2367 conferant.
1070 2328 1164 2368 lluc
1204 2329 1363 2368 referas
1410 2326 1528 2367 illum
1574 2334 1790 2383 poetarum

165 2396 460 2439 Hebraeorum
494 2400 777 2452 idiotismum,
825 2420 928 2458 quo,
970 2407 1110 2458 spreta
1142 2405 1304 2459 vulgari
1343 2404 1524 2457 alicujus
1556 2406 1616 2444 rei
1647 2404 1791 2460 appel-

163 2472 343 2526 latione,
387 2476 513 2517 aliam
556 2479 607 2518 ab
653 2482 807 2533 insigni
849 2483 1028 2535 quadam
1072 2481 1185 2520 illius
1226 2484 1287 2521 rei
1323 2485 1576 2537 proprietate
1617 2485 1787 2537 petitam

162 2565 380 2606 usurpant.
455 2556 525 2595 stc
559 2555 674 2596 nous
711 2571 735 2596 a
769 2561 953 2611 potentia
999 2574 1120 2613 quam
1164 2562 1411 2612 saepissime
1455 2561 1784 2612 w*:&‚rfor!i8,

159 2629 421 2682 appellatur,
454 2634 538 2673 Jes.
573 2633 739 2684 xmx,
774 2640 850 2684 20,
887 2636 951 2675 l's.
983 2636 1219 2685 cxxxii,
1251 2644 1287 2685 2,
1321 2643 1366 2684 ῦς
1395 2641 1543 2679 eodem
1575 2636 1785 2679 vocabulo

153 2716 192 2745 et
225 2711 330 2748 tauri
364 2725 439 2750 nec
472 2725 553 2751 non
586 2714 680 2767 equi
714 2715 1027 2767 insigniuntur,
1064 2714 1125 2753 l's.
1162 2715 1311 2763 xxtl,
1343 2720 1408 2763 13,
1440 2716 1529 2757 Jer.
1564 2715 1685 2766 vill,
1719 2719 1786 2763 16,
