1968 3095
211 181 291 219 146
824 175 918 212 Pars
948 174 1020 211 111.
1086 173 1174 222 Cap.
1210 173 1238 209 1.

981 295 1024 326 w
1053 283 1136 340 rb*
1166 293 1332 328 ina-ux:

881 372 1027 405 trina-¹
1059 369 1171 415 'ri-m
1202 362 1329 407 ‘1³:055

492 441 539 481 In
573 437 683 480 collo
726 440 820 492 ejus
848 448 1066 494 pernoctat
1096 439 1249 490 robur,

491 519 544 560 Et
573 526 670 559 ante
702 529 798 557 eum
842 515 1026 558 exsultat
1055 527 1206 560 terror.

873 655 910 703 θ.
965 651 1184 694 LXXXI.

327 756 394 797 Ad
434 755 786 810 prosopopoeiam
828 752 1099 794 referendum
1139 753 1266 793 etiam
1312 753 1576 793 tritissimum
1617 749 1722 791 illud
1756 748 1847 790 He-

214 836 438 878 braeorum
472 834 608 888 poe'tis
639 832 806 872 dicendi
828 845 978 886 genus,
1011 846 1093 886 quo
1117 832 1177 871 rei
1201 830 1382 885 alicujus
1410 830 1463 871 ad
1494 828 1670 870 alteram
1698 826 1850 869 relatio

214 915 272 956 ita
297 913 577 967 exprimitur,
608 919 653 949 ut
683 908 758 949 illa
788 909 918 963 hujus
937 909 1085 960 filius,
1121 909 1186 950 vel
1207 909 1318 960 filia
1349 910 1533 950 dicatur.
1595 907 1667 947 Sic
1696 903 1848 946 lucifer

201 992 335 1043 filius
365 1003 553 1031 aurorae
584 986 843 1043 adpellatur‚
884 987 973 1028 Jes.
1007 988 1142 1039 XIV,
1178 993 1253 1037 123
1296 990 1474 1043 sagittae
1495 986 1600 1036 filii
1626 984 1754 1026 arctis
1780 980 1849 1022 vel

210 1070 476 1125 pharetrae,
513 1067 611 1109 Job.
646 1065 776 1117 XLI,
809 1070 889 1116 20,
928 1065 1090 1108 Thren.
1133 1066 1218 1117 ΙΙΙ,
1259 1071 1331 1115 13;
1374 1076 1459 1106 tres
1499 1063 1598 1104 illae
1637 1064 1682 1103 in
1714 1060 1849 1102 cauda

214 1162 339 1189 ursae
383 1147 559 1200 majoris
601 1145 750 1188 stellae
779 1144 885 1195 filia·
918 1158 1072 1196 ursae,
1110 1145 1206 1186 Job.
1246 1142 1518 1192 XXXVIII,
1558 1145 1632 1189 323
1673 1138 1848 1182 morbus

215 1224 385 1267 lethalis
411 1228 734 1279 primogenitus
756 1227 932 1274 mortis,
969 1221 1065 1265 Job.
1100 1223 1278 1274 XVIII,
1324 1227 1396 1270 133
1433 1220 1598 1262 incolae
1630 1218 1746 1260 urbis
1779 1215 1847 1258 vel

215 1304 402 1359 regionis
423 1304 644 1356 cujusdam
655 1302 768 1352 filia
789 1302 998 1355 ejusdem,
1029 1302 1116 1343 Jes.
1132 1301 1375 1351 XXXVII,
1397 1305 1476 1351 22,
1507 1298 1665 1339 Jerem.
1681 1294 1848 1348 XLVI,

219 1387 294 1430 193
337 1395 438 1422 aves
463 1380 602 1430 filiae
636 1381 812 1428 calmis,
855 1378 1016 1420 Eccles.
1049 1379 1162 1431 XII,
1191 1385 1239 1429 4;
1272 1377 1430 1435 pupilla
1449 1377 1563 1428 filia
1595 1376 1735 1425 oculi,
1775 1373 1846 1433 Ps,

216 1458 363 1509 XVII,
394 1462 435 1509 8,
466 1467 545 1498 etc.
606 1456 747 1498 Simili
777 1459 964 1509 ratione,
1005 1459 1196 1512 quamvis
1228 1458 1386 1507 rarius,
1419 1457 1545 1495 etiam
1572 1455 1727 1509 patris,
1760 1465 1848 1492 ma-

215 1540 314 1587 tris,
358 1536 503 1577 fratris
534 1537 776 1590 sororisque
816 1534 1073 1576 adhibentur
1103 1533 1335 1585 vocabula,
1382 1543 1427 1574 ut
1467 1534 1611 1574 videre
1653 1539 1716 1572 est
1745 1529 1852 1572 John·

216 1629 306 1669 cap.
348 1612 506 1665 XVII,
552 1618 630 1664 14,
674 1629 755 1669 quo
797 1613 892 1654 loco
934 1612 1090 1662 Jobus,
1140 1613 1406 1653 atrocissimo
1445 1611 1594 1653 morbo
1634 1609 1847 1657 adflictus,

218 1694 425 1747 mortique
457 1694 701 1746 proximus,
742 1694 867 1734 dicit:

791 1782 888 1815 rma
919 1780 997 1815 *zm
1035 1781 1182 1825 *na-sp
1214 1770 1338 1814 nnwb

909 1852 1056 1895 :rm-ib
1089 1861 1221 1893 *nna-¹
1256 1860 1338 1891 ’νεα

493 1925 713 1966 Putredini
748 1924 962 1977 acclamo,
1002 1935 1047 1966 tu
1078 1941 1123 1966 es
1154 1936 1273 1981 pater
1303 1939 1446 1974 meuS,

493 2001 675 2043 Matrem
707 2016 980 2059 sororemque
1011 2018 1146 2044 meam
1179 2018 1365 2044 vermem
1397 1999 1588 2057 appello,

216 2084 244 2122 i.
276 2096 313 2122 e.
343 2082 523 2135 jamjam
563 2082 604 2120 in
646 2080 870 2134 sepulchro
913 2091 1148 2136 prostratus
1179 2084 1348 2136 jacere,
1392 2091 1435 2122 et
1474 2082 1580 2122 adeo
1622 2078 1845 2134 putredine

215 2159 512 2215 vermibusque
543 2160 851 2211 circumdatus,
892 2160 1060 2215 illisque
1103 2162 1371 2202 consociatus
1409 2174 1503 2200 esse
1537 2157 1643 2199 mihi
1681 2157 1844 2206 videor,

215 2247 260 2277 ut
298 2239 480 2291 proximi
518 2239 711 2292 cognati,
755 2248 949 2291 parentes
993 2249 1034 2280 et
1075 2238 1223 2289 liberi,
1265 2239 1418 2279 fratres
1459 2250 1712 2292 sororesque
1745 2249 1845 2277 con·-

214 2316 361 2354 sociati
396 2329 490 2355 esse
521 2314 673 2356 solent.

868 2453 907 2501 ξ.
955 2451 1191 2494 LXXXII.

325 2548 451 2591 Haud
485 2563 580 2591 raro
611 2549 907 2591 Hebraeorum
951 2560 1099 2607 poetae
1131 2551 1423 2608 metaphoras,
1464 2547 1616 2606 quibus
1651 2556 1840 2598 utuntur,

213 2625 381 2681 longius
414 2629 671 2677 extendunt,
714 2629 824 2669 unde
858 2643 967 2669 nova
998 2631 1163 2671 dicendi
1205 2629 1343 2686 figura
1384 2631 1537 2676 oritur,
1579 2641 1704 2684 quam
1735 2626 1841 2667 alle-

210 2710 379 2757 goriam
421 2707 588 2748 dicendi
627 2708 817 2762 magistri
859 2706 1085 2762 appellant.
1164 2710 1400 2764 Allegoria
1443 2721 1598 2750 nomen
1639 2705 1693 2748 ab
1735 2704 1838 2747 ἄλλο

1930 2669 1947 2743 j!
