1958 2947
543 144 595 182 De
623 145 766 193 origine
795 151 826 181 et
856 146 977 181 causis
1004 149 1146 194 poh'seos
1176 147 1368 184 Arabicae.
1712 150 1765 189 47

143 260 267 305 atque
299 253 540 308 cognitione
579 261 743 294 ceteros
775 252 1099 305 antecellerent,
1148 257 1383 311 priscorum
1423 265 1657 312 temporum
1699 275 1766 303 res

141 329 462 380 memorabiles,
491 329 803 385 illustriumque
837 333 1021 372 virorum
1055 331 1268 386 praeclare
1293 334 1404 375 facta
1430 335 1646 392 dictaque,
1679 340 1766 381 imo

141 410 267 450 etiam
299 407 466 450 fabulas
495 407 618 450 fictas
649 409 700 449 ad
726 408 1000 450 oblectandos
1031 412 1270 451 auditorum
1299 414 1463 455 animos
1494 414 1764 457 enarrabant.

138 487 400 529 Procedente
440 496 629 542 tempore
671 486 915 541 hujusmodi
955 490 1220 529 narrationes
1254 504 1339 530 non
1371 501 1532 534 tantum
1561 494 1604 534 in
1636 494 1762 535 fami-

135 563 315 606 liaribus
352 564 437 606 illis
476 565 768 616 consessibus,
824 580 969 607 verum
1002 567 1127 607 etiam
1156 568 1199 607 in
1231 567 1412 622 publicis
1443 570 1630 612 tribuum
1663 586 1765 614 con-

136 643 334 684 ventibus
370 641 510 683 locum
547 643 794 697 obtinuere,
849 646 1096 700 inventique
1134 654 1232 685 sunt
1270 644 1488 697 homines,
1537 651 1606 703 qui
1645 653 1762 691 omni

138 723 278 763 studio
318 723 361 762 in
403 721 445 761 id
485 721 843 771 incumbebant„
876 730 922 761 ut
957 723 1159 775 jucundis
1201 723 1514 765 narrationibus
1560 727 1762 781 populum

135 801 386 841 detinerent.
456 799 583 841 Hunc
622 815 781 840 morem
823 799 876 840 ad
915 801 1142 841 excitanda
1180 806 1361 856 poeseos
1401 804 1541 843 studia
1581 804 1760 848 multum

134 878 343 930 valuisse,
383 878 510 920 facile
541 888 604 920 est
635 877 865 920 intellectu.
937 876 1176 919 Utebantur
1218 880 1385 934 quidem
1426 890 1666 924 narratores
1696 883 1761 926 illi

134 968 180 1000 ut
207 957 436 1014 plurimum
467 971 663 998 sermone
694 958 905 1012 pedestri3
957 957 1030 997 sed
1061 958 1390 1013 quotiescunque
1422 958 1758 1003 vehementiores

133 1037 324 1078 adfectus
366 1037 630 1090 exprimendi
671 1044 814 1086 erant,
860 1048 999 1074 sermo
1040 1033 1163 1075 altius
1201 1037 1473 1091 insurgebat,
1525 1040 1758 1092 poeticum-

131 1128 212 1169 que
251 1112 456 1154 induebat
495 1111 694 1154 colorem.
773 1111 896 1161 Quod
937 1113 1074 1166 primo
1114 1114 1247 1167 ipsius
1289 1115 1352 1154 rei
1392 1124 1542 1155 natura
1583 1132 1757 1171 poscere

130 1191 381 1241 videbatur,
439 1205 590 1245 nempe
635 1199 685 1239 ut,
721 1190 948 1246 aliquando
1002 1192 1214 1244 poeticum
1261 1189 1445 1233 colorem
1490 1205 1757 1237 narratorum

129 1268 301 1311 illorum
332 1269 469 1310 oratio
501 1268 718 1319 indueret,
758 1269 800 1309 id
832 1277 978 1323 postea
1007 1269 1051 1308 in
1082 1277 1214 1309 artem
1247 1269 1367 1311 abiit.
1434 1270 1628 1327 Namque
1659 1276 1757 1316 data

125 1349 258 1402 opera
290 1344 511 1396 versiculi,
563 1347 649 1386 imo
681 1347 809 1386 etiam
840 1347 1027 1386 carmina
1063 1345 1282 1403 longiora,
1335 1349 1487 1404 quibus
1527 1351 1757 1395 admodum

130 1424 448 1466 delectabantur
476 1424 664 1474 Arabes,
697 1423 1014 1465 narrationibus
1048 1425 1132 1466 illis
1163 1427 1321 1467 inserta
1352 1427 1485 1468 fuere.
1546 1428 1689 1477 Quare
1719 1433 1757 1472 si

127 1504 219 1558 quis
252 1504 481 1543 narratoris
514 1511 655 1557 partes
686 1504 896 1543 sustinere
929 1501 1079 1554 vellet,
1132 1506 1306 1546 omnino
1350 1515 1391 1546 et
1422 1508 1540 1561 poesi
1570 1507 1753 1564 aliquam

125 1595 298 1635 operam
333 1594 489 1620 navare
523 1579 726 1630 debebat,
774 1589 822 1621 ut
852 1579 1034 1622 solutam
1067 1585 1323 1625 narrationis
1358 1587 1591 1626 orationem
1631 1590 1754 1641 grata

124 1659 219 1698 vice
242 1657 500 1698 carminibus
528 1667 669 1712 posset
691 1659 966 1713 distinguere.
1026 1658 1245 1708 Quaenam
1269 1662 1560 1702 narrationum
1581 1663 1749 1704 illarum

125 1735 252 1776 fuerit
281 1737 414 1786 ratio,
446 1734 661 1791 intelligas
693 1750 746 1777 ex
777 1736 1072 1789 Hamadam‘i,
1103 1738 1288 1780 Harz'rz'i
1313 1738 1577 1794 aliorumque
1605 1751 1750 1782 aucto-

123 1828 215 1854 rum
245 1812 527 1854 Arabicorum
559 1814 852 1866 consessibus,
884 1817 954 1869 qui
977 1817 1028 1856 ad
1053 1817 1232 1857 formam
1262 1817 1548 1858 narrationum
1579 1817 1748 1861 illarum

125 1893 350 1945 compositi
379 1900 489 1933 sunt.
557 1891 749 1933 Maxime
781 1905 906 1942 vero,
957 1895 1047 1935 sive
1082 1895 1285 1941 formam,
1332 1895 1423 1934 sive
1453 1907 1746 1950 argumentum

123 1970 350 2023 respicias,
400 1971 689 2011 narrationum
727 1969 896 2011 illarum
929 1968 1115 2011 indolem
1146 1970 1277 2011 refert
1307 1972 1513 2014 Amarae
1544 1973 1747 2027 historia,

110 2069 210 2121 5222
245 2067 353 2118 ΕΔΒ,
388 2085 510 2125 quam
544 2085 598 2112 ex
629 2073 838 2125 ejusmodi
868 2070 1204 2123 narrationibus,
1231 2073 1323 2126 jam
1353 2081 1451 2114 ante
1480 2074 1743 2117 Molmmme-

123 2157 218 2200 dem
256 2157 504 2208 celebratis,
559 2159 744 2201 Harune
783 2160 1055 2202 Arrasch2·‹lo
1095 2172 1137 2203 et
1175 2163 1384 2204 fflamune
1422 2164 1742 2219 imperantibus,

121 2235 305 2275 eximius
345 2234 418 2275 ille
460 2235 704 2292 philologus
745 2247 786 2278 et
825 2245 950 2293 poeta
982 2241 1140 2281 Amat
1176 2242 1456 2282 concinnavit.
1527 2241 1742 2291 Quantum

120 2325 223 2352 vero
255 2314 570 2356 narrationibus
600 2314 685 2357 illis
715 2315 880 2356 Arabes
910 2316 1066 2358 fuerint
1097 2317 1317 2369 delectati,
1349 2318 1474 2360 facile
1506 2321 1604 2360 inde
1637 2335 1741 2361 con-

116 2390 265 2443 jicias,
313 2392 422 2445 quod
464 2394 647 2434 nondum
690 2394 877 2435 stabilito
908 2393 1145 2436 Islamismo
1176 2411 1246 2437 eas
1279 2396 1345 2437 vel
1374 2399 1511 2452 ipsius
1541 2398 1741 2438 Maltam-

117 2467 252 2508 medz‘s
291 2469 475 2509 oraculis
513 2471 784 2512 anteferrent.
866 2472 1011 2521 Quare
1053 2474 1349 2526 Moleammed,
1397 2474 1511 2516 haud
1547 2477 1737 2529 ignarus,

118 2547 380 2587 narrationes
409 2545 504 2587 illas
535 2548 750 2589 doctrinae
778 2564 881 2591 suae
906 2550 1084 2593 multum
1112 2553 1351 2603 obfuturas,
1385 2561 1616 2593 sectatores
1639 2567 1740 2593 suos

117 2619 211 2674 plus
240 2623 424 2678 simplici
458 2625 549 2665 vice
579 2628 622 2666 in
654 2625 868 2668 Alcorano
898 2639 1067 2680 monet,
1098 2645 1151 2671 ne
1181 2632 1392 2684 ejusmodi
1421 2630 1736 2673 narrationibus
