1958 2947
304 155 354 191 De
383 161 597 202 arqumento
629 154 852 201 diversisque
881 153 1073 201 qeneribus
1101 153 1309 189 carminum
1339 151 1594 188 Arabicorum.
1707 150 1760 189 83

133 265 278 306 omnia
308 265 424 318 parvi
465 263 634 318 pendit3
685 262 867 302 interdiu
900 270 1109 316 noctuque
1139 261 1308 302 deserta
1339 268 1561 315 peragrat,
1608 259 1759 300 adver-

133 344 291 383 sarium
323 343 588 396 quaeritans;
627 354 724 381 raro
755 353 930 380 somnos
960 343 1118 394 carpit,
1161 341 1259 380 vino
1291 338 1374 380 sibi
1407 338 1640 388 interdicit,
1675 339 1760 377 imo

133 422 443 462 atrocissimam
472 421 586 459 sitim
618 420 886 472 inediamque
913 416 1085 467 tolerat,
1117 418 1345 458 dummodo
1375 418 1462 456 voti
1493 418 1559 457 sui
1589 430 1761 470 compos

132 497 221 539 fiat.
282 498 387 539 Cum
407 499 587 552 denique
608 498 895 539 adversarium
918 506 1136 536 assecutus
1159 496 1297 545 fuerit,
1329 495 1494 536 hastam
1520 493 1761 550 gladiumve

132 574 529 631 suum.largissime
558 574 675 616 illius
707 576 917 629 sanguine
947 575 1072 628 rigat,
1103 572 1445 628 lautissimasque
1471 572 1604 627 lupis,
1636 572 1765 626 hyae-

133 655 200 696 nis
231 654 461 710 avibusque
492 654 715 710 rapacibus
746 650 894 706 epulas
923 653 1054 692 occisi
1082 652 1288 693 cadavere
1320 661 1453 706 parat.

822 779 860 827 ς.
894 772 1081 816 van.

247 865 467 907 Secundus
497 864 617 907 locus
648 868 967 907 encomiasticis
998 861 1197 903 tribuitur
1227 860 1512 913 carminibus,
1552 874 1659 916 quae
1689 875 1764 916 pro

135 945 380 986 diversitate
411 958 551 984 rerum
584 943 652 984 vel
683 956 987 999 personarum,
1034 955 1140 996 quae
1171 939 1369 981 laudibus
1402 939 1664 989 efferuntur,
1702 940 1767 980 di-

137 1024 247 1062 versi
272 1032 370 1062 sunt
392 1024 644 1077 argumenti.
704 1020 789 1062 Vel
811 1022 924 1061 enim
950 1021 1137 1060 numinis
1159 1020 1292 1059 divini
1314 1020 1530 1072 majestas,
1561 1019 1765 1072 potentia,

135 1101 342 1154 sapientia
382 1109 505 1154 atque
547 1100 810 1155 benignitas,
866 1097 933 1137 vel
970 1099 1112 1152 magni
1150 1095 1265 1137 illius
1304 1095 1533 1151 prophetae
1566 1095 1765 1137 BIoIlam-

135 1178 270 1219 medis
295 1180 585 1237 praestantia,
619 1176 687 1217 vel
719 1178 977 1232 principum,
1011 1175 1213 1224 heroum,
1242 1173 1507 1228 aliorumque
1533 1174 1765 1228 insignium

137 1258 320 1297 virorum
364 1257 542 1296 virtutes
584 1254 867 1296 celebrantur.
947 1252 1146 1294 Numinis
1192 1253 1327 1293 divini
1371 1251 1766 1307 Moleammedisque

135 1332 283 1374 laudes
317 1332 382 1373 vel
417 1348 471 1374 ex
502 1335 720 1385 instituto,
772 1330 837 1371 vel
870 1332 994 1371 etiam
1036 1330 1151 1371 aliud
1190 1338 1366 1385 agentes
1396 1328 1586 1370 Arabum
1615 1335 1765 1386 poetae

139 1413 402 1466 praedicant.
476 1411 624 1452 Solent
654 1414 765 1452 enim
799 1413 841 1451 in
874 1408 1150 1464 amplioribus
1183 1408 1442 1449 carminibus
1473 1408 1583 1456 suis,
1625 1408 1767 1461 cujus-

139 1504 303 1544 cunque
334 1504 385 1529 ea
413 1491 498 1530 sint
528 1491 788 1545 argumenti,
829 1489 1071 1543 priusquam
1104 1488 1156 1527 ad
1186 1488 1319 1541 ipsius
1349 1486 1587 1540 argumenti
1615 1493 1765 1525 tracta-

139 1569 295 1607 tionem
322 1576 561 1619 transeant,
595 1578 754 1608 tantum
787 1580 870 1607 non
903 1579 1069 1619 semper
1094 1564 1231 1605 Deum
1260 1567 1485 1619 optimum,
1517 1564 1764 1614 maximum,

139 1647 316 1700 ejusque
354 1644 540 1699 legatum
582 1644 924 1685 Mohammedem
964 1642 1163 1683 laudibus
1202 1642 1370 1682 efferre.
1437 1639 1586 1693 Neque
1624 1648 1764 1680 tamen

142 1723 255 1764 hunc
285 1737 444 1763 morem
477 1728 626 1778 poetae
657 1724 872 1777 proprium
905 1720 989 1761 sibi
1021 1721 1256 1768 vindicant3
1297 1719 1487 1773 quinimo
1518 1726 1560 1757 et
1591 1719 1661 1772 qui
1691 1732 1762 1758 so-

142 1822 230 1863 luta
261 1824 454 1863 oratione
484 1830 656 1862 utuntur
687 1831 903 1871 auctores,
936 1830 1177 1861 constanter
1207 1821 1427 1860 tritissimo
1458 1817 1532 1859 illo
1565 1810 1603 1849 &U
1630 1803 1764 1866 ιλοὲ,

142 1899 235 1942 laus
265 1903 319 1941 sit
349 1900 466 1950 Deo,
507 1901 740 1940 ordiuntur.
808 1898 924 1938 Inter
953 1899 1139 1939 numinis
1171 1898 1305 1938 divini
1338 1895 1485 1936 laudes
1518 1894 1626 1935 banc
1663 1909 1765 1949 prae

142 1981 294 2021 ceteris
316 1978 553 2029 celebrant,
597 1979 706 2032 quod
728 1976 811 2017 Dei
837 1986 940 2017 nutu
968 1978 1176 2017 immensa
1207 1973 1311 2014 haec
1340 1987 1480 2014 rerum
1510 1975 1765 2015 universitas

144 2072 198 2100 ex
229 2056 365 2098 nihilo
389 2065 611 2111 procreata
639 2058 715 2105 sit,
748 2056 842 2108 ejus
873 2055 1080 2096 beneficio
1112 2052 1356 2095 hominibus
1385 2053 1494 2092 ratio
1526 2053 1764 2105 contigerit,

144 2137 251 2191 qua,
302 2135 410 2189 quod
444 2144 602 2174 rectum
635 2148 891 2188 pravumque
929 2136 1007 2184 sit,
1058 2134 1297 2184 discernere
1338 2132 1525 2185 possint,
1576 2128 1629 2169 ab
1670 2131 1766 2183 ejus

147 2214 327 2268 denique
360 2211 600 2261 voluntate,
651 2212 693 2251 in
725 2221 941 2252 aeternum
972 2211 1097 2252 firma
1128 2196 1324 2264 rataque,
1367 2222 1640 2263 quaecunque
1671 2221 1766 2247 eve-

145 2294 308 2342 nerint,
342 2293 431 2332 sive
459 2290 592 2338 bona,
623 2290 712 2330 sive
742 2288 867 2340 mala,
899 2290 1120 2343 pendeant.
1179 2287 1226 2328 In
1246 2286 1558 2327 Mokammedis
1587 2287 1651 2326 sui
1680 2284 1770 2325 lau-

147 2371 272 2412 dibus
311 2370 558 2410 effusissimi
598 2376 696 2408 sunt
736 2366 925 2408 Arabum
966 2372 1140 2422 poetae,
1183 2375 1228 2406 ut
1268 2364 1335 2405 vel
1371 2380 1426 2406 ex
1458 2379 1541 2405 uno
1571 2363 1645 2404 illo
1676 2362 1772 2404 Aba·

149 2447 371 2490 Abdullah
412 2446 648 2487 Busiridae
690 2447 875 2486 carmine
923 2447 1210 2500 panegyrico,
1269 2446 1336 2484 cui
1381 2442 1556 2484 Borclcrb
1597 2455 1765 2488 nomen,

150 2534 339 2580 apparet.
407 2524 454 2566 ln
488 2522 568 2564 hoc
599 2526 808 2574 carmine,
848 2524 957 2580 quod
990 2525 1164 2565 maximi
1195 2539 1219 2564 a
1247 2520 1560 2564 Molaammedis
1587 2526 1770 2558 sectato-

152 2604 272 2645 ribus
303 2604 576 2653 aestimatur,
627 2617 805 2658 magnus
844 2601 917 2643 ille
954 2602 1158 2658 propheta
1188 2601 1547 2657 praestantissima
1577 2597 1766 2637 omnium

152 2696 289 2723 rerum
334 2674 569 2724 creatarum
620 2682 907 2736 creatorisque
956 2679 1132 2721 deliciae
1180 2682 1345 2721 dicitur.
1419 2677 1536 2718 Idem
1580 2675 1766 2715 omnium

1392 2760 1418 2795 6
1443 2761 1458 2778 t
