1958 2947
538 152 592 189 De
629 153 719 199 stylo
750 153 956 190 carminum
986 152 1264 190 Hebraicorum.
1632 153 1706 190 141

371 259 444 302 Sic
482 273 556 302 vos
588 273 701 303 nunc
732 261 855 302 nihili
885 264 1014 315 estis,

366 337 539 379 Videtis
566 347 773 380 terrorem
812 347 856 379 et
885 341 1055 382 timetis.

732 476 770 524 ς,
813 471 1066 514 Lxxvffl.

201 575 294 615 Etsi
332 575 564 629 imagines,
609 587 712 628 quas
753 575 796 614 in
829 574 1146 628 comparatione
1185 573 1387 615 adhibent
1417 573 1711 616 Hebraeorum

90 657 268 707 poetae,
311 661 357 692 ut
398 650 623 706 plurimum
652 651 781 693 rebus
820 652 1116 706 comparandis
1147 654 1574 694 convenientissimae
1603 654 1710 694 sint:

90 740 230 771 tamen
262 743 590 783 nonnunquam,
622 729 773 771 saltem
797 744 872 785 pro
894 738 1134 771 nostrorum
1161 739 1397 784 temporum
1420 744 1562 780 sensu,
1591 732 1710 784 justo

89 806 338 848 humiliores
370 808 504 848 videri
537 810 712 862 possint.
767 807 893 849 Certe
925 807 1038 848 haud
1068 810 1288 863 quisquam
1313 813 1531 862 poetarum
1561 823 1710 850 recen-

88 887 241 926 tiorum
272 885 486 926 hominem
518 887 703 927 miseriis
733 886 987 927 exhaustum
1011 899 1102 926 cum
1127 895 1244 936 utre,
1275 886 1317 925 in
1340 885 1455 925 fumo
1477 887 1708 937 exsiccato,

87 961 157 1003 Ps.
182 961 363 1014 CXIX,
396 967 473 1014 83,
516 973 586 1004 aut
628 963 828 1005 fiduciam
866 966 911 1005 in
954 963 1168 1003 hominem
1213 962 1420 1017 perfidum
1458 977 1551 1004 cum
1584 965 1709 1006 dente

87 1041 246 1090 fracto,
281 1050 322 1082 et
352 1042 457 1096 pede
488 1041 736 1093 vacillante,
763 1041 969 1082 Proverb.
1003 1055 1095 1096 cap.
1127 1040 1280 1090 XXV,
1314 1044 1388 1090 19,
1429 1040 1494 1081 vel
1529 1042 1710 1098 denique

88 1120 265 1174 oppida,
315 1118 426 1160 male
465 1122 650 1171 munita,
709 1134 803 1160 cum
843 1118 1008 1160 ficubus
1056 1120 1305 1174 primitivis,
1357 1133 1460 1174 quae
1503 1121 1710 1161 concussa

92 1197 246 1237 arbore
296 1199 360 1238 ori
405 1199 663 1239 comedentis
705 1199 924 1248 incidunt,
971 1196 1141 1238 Nahum
1181 1195 1268 1247 ΙΙΙ,
1309 1201 1383 1246 12,
1433 1197 1707 1251 comparabit.

89 1273 250 1316 Verum
284 1274 389 1315 haec
430 1284 472 1315 et
501 1275 657 1316 similia
685 1290 740 1316 ex
771 1277 1010 1330 priscorum
1051 1284 1284 1329 temporum
1325 1273 1592 1328 simplicitate
1630 1290 1706 1317 ex-

84 1350 283 1408 plicanda
321 1361 442 1405 sunt3
479 1353 654 1408 quibus,
695 1368 803 1409 quae
842 1367 943 1394 vera
978 1352 1250 1402 videbamur,
1288 1351 1412 1392 simul
1447 1354 1572 1394 etiam
1605 1368 1710 1395 con-

84 1431 301 1470 venientia
331 1439 454 1486 atque
486 1432 639 1472 decora
670 1432 938 1487 putabantur.
999 1429 1126 1471 Certe
1157 1431 1267 1485 apud
1301 1432 1557 1482 Homerum,
1590 1434 1707 1488 prin-

85 1509 222 1563 cipem
262 1514 511 1563 poetarum,
557 1523 681 1564 quam
726 1508 928 1563 plurimas
973 1511 1167 1550 invenies
1207 1511 1439 1564 imagines,
1482 1525 1589 1563 quae
1631 1526 1706 1566 pro

84 1595 325 1627 nostrorum
365 1595 605 1640 temporum
644 1600 772 1628 sensu
811 1585 994 1628 humiles
1038 1588 1255 1635 videntum
1310 1602 1416 1642 quae
1457 1597 1596 1630 tamen
1637 1603 1706 1631 res

83 1665 222 1719 prisca
251 1662 326 1704 illa
355 1662 623 1719 simplicique
655 1674 792 1706 aetate
821 1664 949 1720 longe
981 1679 1103 1706 secus
1134 1679 1180 1705 se
1212 1664 1372 1706 habuit.

749 1802 786 1850 ς.
823 1799 1036 1841 LXXIX.

197 1898 329 1939 Sicuti
352 1899 584 1953 imagines,
630 1899 682 1939 ab
714 1899 1007 1941 Hebraeorum
1039 1903 1175 1956 poetis
1205 1903 1247 1942 in
1279 1903 1594 1957 comparatione
1625 1903 1701 1944 ad-

82 1976 264 2027 hibitae,
295 1977 505 2017 interdum
534 1975 783 2019 humiliores
800 1988 922 2029 sunt,
954 1981 1013 2019 ita
1033 1993 1330 2035 nonnunquam
1349 1982 1510 2034 justum
1532 1982 1702 2022 modum

80 2055 289 2095 excedere
320 2055 528 2095 videntur.
583 2054 789 2110 Exempla
823 2056 989 2097 obviam
1021 2067 1118 2098 sunt
1148 2060 1190 2098 in
1218 2058 1399 2099 Cantica
1420 2063 1699 2111 canticorum,

81 2131 155 2172 ubi
186 2130 351 2186 puellae
383 2141 509 2186 caput
545 2146 641 2172 cum
673 2142 814 2174 monte
847 2135 1065 2186 Carmelo‚
1109 2135 1219 2177 oculi
1260 2150 1352 2177 cum
1383 2137 1554 2190 piscinis
1587 2137 1699 2178 Hes-

81 2208 228 2259 bomZe,
262 2223 388 2250 nasus
419 2224 513 2250 cum
543 2209 712 2251 Libum*
740 2214 868 2262 turri,
897 2228 1002 2268 quae
1034 2214 1295 2256 Damascum
1326 2225 1508 2270 spectat,
1543 2214 1698 2257 collum

80 2301 174 2328 cum
206 2286 398 2329 Davz'dz’s‘
428 2289 556 2340 turri,
596 2290 639 2328 in
682 2291 764 2343 quiz
805 2290 921 2331 mille
963 2291 1101 2348 clypei
1131 2295 1326 2348 suspensi
1363 2302 1487 2343 sunt,
1529 2308 1698 2348 compo-

79 2375 249 2407 nuntur.
328 2364 476 2421 Neque
521 2376 660 2408 tamen
701 2367 807 2409 haec
847 2384 922 2424 pro
963 2372 1106 2412 nostra
1145 2373 1352 2413 sentiendi
1402 2373 1697 2426 cogitandique

78 2445 242 2484 ratione
287 2445 561 2498 dijudicanda
599 2454 711 2488 sunt.
797 2446 879 2496 Qui
923 2450 1100 2490 orientis
1140 2464 1235 2491 oras
1274 2450 1512 2491 inhabitant
1550 2447 1697 2503 populi

79 2521 299 2572 vividiori‚
331 2535 454 2576 quam
485 2523 714 2565 occidentis
743 2525 933 2576 incolae,
975 2528 1160 2582 gaudent
1189 2528 1449 2582 imaginandi
1480 2528 1544 2575 vi,
1588 2541 1694 2581 quae

76 2607 225 2639 cuncta
254 2597 531 2653 splendidiori
565 2599 660 2642 luce
700 2602 942 2654 collustrat,
986 2607 1220 2660 mirumque
1259 2608 1302 2645 in
1343 2604 1513 2645 modum
1553 2612 1691 2659 auget.

76 2672 218 2723 Quare
249 2675 361 2718 haud
395 2679 653 2728 mirandum,
695 2690 736 2721 et
765 2680 1059 2724 Hebraeorum
1091 2689 1235 2738 poetas
1265 2683 1309 2722 in
1342 2681 1693 2736 descriptionibus
