1968 3095
245 179 300 224 60
867 188 961 227 Pars
990 190 1044 229 11.
1105 191 1194 240 Cap.
1224 190 1255 227 1.

246 293 397 346 dulsit,
447 294 559 336 haud
593 303 732 338 tamen
764 295 960 353 neglecto
997 300 1232 354 sapientiae
1262 300 1423 349 studi03
1478 313 1624 342 verum
1657 309 1700 342 et
1725 302 1876 356 juncta

249 375 486 429 sapientiae
528 373 724 430 voluptas
761 377 902 418 inanis
941 378 1034 419 visa
1070 379 1166 420 fuit.
1235 378 1432 420 Praestat
1470 379 1637 436 quidem
1679 377 1891 443 stultitiae

248 453 481 508 sapientia;
516 467 651 508 neque
675 463 813 496 tamen
845 469 870 496 a
891 466 1026 497 morte
1058 468 1100 499 et
1129 457 1346 500 oblivione
1373 471 1452 498 nos
1475 458 1684 509 vindicat,
1717 457 1884 498 eadem·

247 545 327 585 que
349 533 581 587 sapientem
603 541 727 588 atque
751 533 923 575 stultum
947 545 1087 577 manet
1116 550 1223 577 sors·
1286 533 1428 584 Quare
1462 538 1664 591 optimum
1697 537 1880 588 videtur,

246 611 374 664 genio
395 609 643 666 indulgere,
676 621 876 667 quantum
908 615 1077 669 quidem
1104 629 1352 656 concessum
1385 615 1525 656 suerit.
1586 613 1780 670 Namque
1802 615 1884 658 hoc

249 690 385 743 ipsum
418 688 502 730 Dei
532 704 684 732 munus
716 701 806 744 est,
840 695 908 747 qui
940 708 1014 748 pro
1047 692 1224 734 arbitrio
1257 708 1334 734 suo
1366 691 1575 733 beneficia
1605 709 1683 735 sua
1715 695 1886 749 dispen-

247 777 326 808 sat.
397 767 522 820 Quae
561 783 657 810 cum
690 771 749 810 ita
781 771 890 821 sint,
943 786 1025 812 non
1059 780 1146 822 est,
1175 773 1307 828 .quod
1350 780 1410 812 tot
1450 780 1672 827 tantosque
1711 770 1882 814 labores

249 847 487 901 suscipiant
516 845 733 897 homines3
773 848 832 890 nil
863 851 1003 902 enim,
1041 850 1151 905 quod
1180 850 1275 891 Deo
1307 865 1391 891 non
1418 849 1613 902 libuerit,
1648 849 1882 906 perficient.

248 923 394 965 Vanas
425 939 519 967 esse
550 935 674 982 atque
705 928 855 969 inanes
887 927 1126 970 mortalium
1159 943 1253 980 res,
1289 938 1331 970 et
1358 930 1457 970 inde
1486 929 1719 982 conjicias,
1752 927 1878 983 quod,

245 1003 318 1043 ubi
347 1005 541 1057 justitiae
573 1015 615 1046 et
645 1008 846 1062 aequitati
877 1005 997 1049 locus
1028 1022 1123 1049 esse
1154 1007 1358 1058 deberet,
1409 1008 1621 1060 injustitia
1651 1015 1691 1046 et
1722 1006 1878 1060 iniqui-

244 1091 307 1122 tas
341 1082 626 1126 dominentur.
684 1084 881 1137 Accedit,
917 1087 1027 1141 quod
1059 1087 1278 1127 hominum
1309 1087 1495 1128 conditio
1528 1099 1675 1141 parum
1708 1085 1878 1125 differat

243 1159 297 1201 ab
329 1159 576 1203 animalium
609 1161 828 1203 brutorum
861 1174 998 1213 sorte3
1050 1179 1232 1220 namque
1264 1165 1388 1205 sicuti
1418 1163 1524 1204 haec
1564 1172 1770 1219 pereunt,
1818 1163 1878 1203 ita

242 1248 281 1279 et
304 1237 366 1279 illi
391 1241 742 1295 exstinguuntur3
773 1255 908 1297 neque
931 1244 1149 1298 quisquam
1177 1242 1365 1293 definiet,
1396 1257 1519 1297 quem
1551 1243 1594 1282 in
1626 1241 1765 1283 locum
1785 1241 1877 1281 ani·

242 1332 336 1358 mus
376 1317 586 1360 humanus
624 1328 718 1373 post
756 1329 933 1360 mortem
972 1322 1228 1377 migraturus
1267 1323 1336 1362 sit.
1409 1320 1491 1362 His
1531 1319 1728 1361 omnibus
1768 1319 1876 1360 adde

243 1409 540 1450 oppressorum
573 1397 817 1449 miseriam,
856 1400 1098 1440 invidorum
1131 1401 1471 1450 contentionem,
1503 1411 1726 1439 avarorum
1757 1394 1881 1436 labo-¹

241 1487 356 1524 rem,
401 1475 587 1528 ipsorum
623 1477 804 1532 denique
835 1492 981 1533 regum
1014 1479 1226 1520 fortunam
1257 1480 1596 1528 inconstantem,
1645 1484 1687 1516 et
1715 1474 1877 1515 fateare

239 1566 416 1593 necesse
447 1561 535 1604 est,
571 1569 718 1597 omnes
750 1555 988 1598 mortalium
1019 1572 1087 1599 res
1119 1572 1250 1599 vanas
1281 1559 1515 1612 inanesque
1546 1569 1653 1596 esse.
1712 1555 1876 1596 Altera

240 1631 348 1672 libra·
370 1645 480 1686 pars
509 1635 617 1688 (cap.
640 1633 719 1685 IV,
753 1639 874 1677 17—
896 1636 998 1687 ΧΠ,
1024 1640 1068 1691 7)
1102 1637 1270 1678 diversa
1304 1638 1412 1677 vitae
1445 1644 1558 1676 recte
1588 1632 1873 1675 instituendae

240 1721 462 1766 praecepta
491 1713 642 1753 tradit:
672 1712 840 1754 Numen
869 1714 1057 1755 divinum
1086 1717 1228 1756 animo
1252 1725 1390 1767 casto,
1419 1728 1502 1756 non
1526 1714 1711 1755 victimis
1733 1709 1875 1753 colen·-

240 1790 363 1838 dum3
397 1792 506 1831 votis
539 1793 775 1833 temerariis
805 1791 1127 1846 abstinendum,
1160 1796 1232 1836 sed
1269 1809 1375 1850 quae
1406 1793 1744 1849 nuncupaveris,
1775 1803 1872 1845 per-

241 1867 462 1909 solvenda.
505 1868 603 1910 Non
630 1870 907 1912 dubitandum
940 1873 991 1913 de
1024 1875 1291 1927 providentia
1317 1873 1475 1922 divina,
1507 1871 1642 1912 sicubi
1667 1882 1873 1925 pauperes

242 1947 556 2001 opprimantur3
616 1949 777 1989 divitiis
819 1963 902 1989 non
942 1950 1223 2000 inhiandum,
1281 1959 1379 1991 sunt
1419 1951 1529 1990 enim
1571 1962 1707 1989 vanae
1748 1956 1873 2002 atque

238 2023 404 2072 fluxae3
436 2024 660 2066 fruendum
686 2026 809 2068 bonis
840 2042 865 2067 a
894 2029 1038 2069 divino
1069 2030 1240 2070 numine
1272 2030 1508 2076 concessis3
1540 2026 1600 2068 nil
1622 2028 1737 2068 enim
1766 2024 1873 2067 stul-

239 2105 347 2154 tius,
399 2117 523 2159 quam
562 2106 692 2158 partis
724 2120 806 2146 non
840 2106 923 2147 frui
955 2108 1130 2148 divitiis.
1201 2106 1335 2148 Sei-iis
1366 2109 1507 2163 potius
1541 2120 1665 2162 quam
1694 2103 1870 2145 ludicris

237 2181 365 2222 rebus
392 2183 649 2231 vacandum3
693 2186 925 2239 sapientiae
956 2187 1233 2236 studendum,
1270 2184 1443 2241 regibus
1475 2184 1868 2239 obtemperandum,

237 2269 279 2299 et
305 2269 382 2301 cet.
453 2259 676 2302 Clauditur
715 2265 852 2303 omnis
893 2265 1121 2318 disputatio
1160 2267 1333 2321 epilogo
1375 2265 1489 2317 (cap.
1520 2261 1628 2312 ΧΠ,
1662 2266 1686 2303 8
1708 2286 1754 2293 -—
1780 2261 1866 2315 14),

236 2339 277 2378 in
310 2353 390 2393 quo
424 2337 723 2383 [ecclesiastae
753 2344 1072 2384 commendatur
1102 2345 1334 2399 sapientia,
1367 2341 1548 2396 librique
1578 2354 1742 2382 summa
1772 2339 1865 2381 bre-

235 2418 342 2457 viter
372 2419 609 2471 exponitur.

923 2559 959 2605 ς.
996 2554 1167 2596 xxxi.

351 2653 414 2692 Ad
446 2657 613 2694 cantici
639 2658 905 2695 canticorum
937 2664 1230 2709 argumentum
1263 2658 1371 2711 quod
1403 2657 1588 2707 adtinet,
1622 2656 1727 2695 mira
1756 2656 1863 2694 inter

238 2732 350 2770 xii-013
389 2731 532 2773 doctos
569 2733 657 2786 jam
697 2733 795 2773 inde
827 2733 880 2774 ub
913 2737 1096 2789 antiquis
1129 2735 1388 2789 temporibus
1427 2735 1565 2776 locum
1597 2734 1747 2818 habuit
1779 2759 1864 2808 (ns-
