1968 3095
193 208 270 245 ¹148
813 203 905 240 Para
935 203 1008 240 111.
1071 202 1163 251 Cap.
1199 203 1224 238 Ι.

474 314 556 355 Per
589 311 749 368 plateas
778 314 858 354 rivi
887 326 1103 366 aquarum.

471 392 568 433 Sint
609 391 685 432 tibi
728 389 834 442 soli,

473 469 624 525 Neque
654 468 751 512 aliis
781 480 934 512 tecum.

474 549 540 590 Sit
569 552 784 605 scaturigo
814 558 889 590 tua
920 549 1166 596 benedicta,

477 627 529 668 Et
559 626 784 669 delecteris
824 640 959 670 uxore
985 628 1224 681 juventutis
1255 635 1365 666 tuae.

475 704 615 746 Cerva
645 704 870 757 amabilis,
904 714 945 745 et
976 706 1199 759 rupicapra
1232 713 1410 745 venusta
1440 705 1567 759 (uxor
1600 707 1690 760 tua)
1722 747 1725 749 .

477 782 622 825 Ubera
653 785 747 836 ejus
778 785 935 824 satient
965 792 1006 824 te
1040 783 1155 823 omni
1187 790 1401 837 tempore,

475 861 524 902 In
557 863 651 915 ejus
683 875 828 903 amore
866 861 1043 902 oberres
1080 870 1294 915 perpetuo.

198 940 351 985 Mirari
390 939 528 991 subit,
568 939 908 994 simplicissimae
951 939 1081 992 hujus
1121 938 1352 993 allegoriae
1390 950 1562 978 sensum
1604 935 1833 980 nonnullos

198 1020 451 1071 interpretes
496 1019 603 1059 adeo
645 1019 834 1073 fugisse,
874 1025 921 1057 ut
961 1015 1029 1056 vel
1060 1016 1169 1072 legis
1211 1016 1428 1057 Mosaicae
1474 1014 1833 1088 observationem,

198 1094 268 1136 vel
299 1109 424 1136 verae
455 1097 692 1151 sapientiae
721 1096 938 1145 studium,
982 1093 1047 1137 vel
1081 1095 1264 1149 denique
1306 1107 1449 1135 rerum
1487 1108 1659 1135 suarum
1689 1104 1833 1135 curam

200 1175 489 1214 commendari
520 1174 601 1215 hoc
631 1173 724 1215 loco
756 1174 1115 1214 existimaverint.
1155 1172 1212 1213 At
1241 1186 1344 1213 vero
1373 1181 1416 1213 et
1446 1173 1652 1213 orationis
1680 1185 1834 1222 nexus,

199 1261 242 1293 et
270 1251 472 1308 loquendi
507 1267 630 1303 usus,
673 1262 714 1293 et
744 1253 835 1306 ipsa
866 1253 1050 1292 auctoris
1083 1251 1214 1292 verba
1248 1252 1513 1305 apertissime
1553 1251 1730 1300 docent,
1773 1248 1835 1290 nil

201 1332 285 1370 nisi
317 1329 532 1386 legitimae
564 1332 712 1372 uxoris
744 1344 931 1370 artiorem
964 1331 1127 1370 maritis
1154 1329 1454 1372 commendari.
1513 1326 1710 1388 Namque
1740 1340 1834 1369 cum

200 1408 300 1448 inde
331 1423 357 1449 a
388 1422 509 1449 versu
543 1411 666 1449 tertio
697 1408 749 1448 ad
781 1409 993 1448 decimum
1028 1417 1219 1462 quartum
1252 1421 1385 1461 usque
1408 1420 1577 1447 amores
1602 1407 1833 1447 meretricii

199 1485 521 1541 improbentur,
569 1487 1020 1526 convenientissimum
1071 1496 1185 1536 erat,
1236 1498 1426 1526 amorem
1467 1483 1738 1539 conjugalem
1787 1485 1831 1526 iu

204 1564 481 1618 sequentibus
514 1564 816 1604 cornmendari.
875 1565 1078 1615 Accedit,
1108 1565 1218 1620 quod
1252 1562 1455 1604 Proverb.
1487 1561 1571 1612 IX,
1603 1566 1670 1613 17,
1701 1577 1831 1618 aqua·

199 1656 291 1682 rum
329 1641 580 1683 furtivarum
613 1643 798 1696 imagine
838 1656 1005 1683 amores
1049 1643 1186 1684 illiciti
1227 1643 1528 1696 designentur3
1577 1641 1688 1681 unde
1729 1655 1832 1682 con·

196 1720 349 1772 jicias,
404 1730 549 1761 nostro
601 1723 643 1762 in
687 1720 782 1760 loco
827 1721 941 1774 putei
983 1722 1140 1775 proprii
1180 1720 1364 1772 imagine
1404 1732 1572 1759 amores
1615 1718 1833 1774 legitimos

198 1800 351 1839 notari,
413 1797 606 1853 Denique
644 1807 686 1838 et
725 1799 819 1851 ipsa
859 1811 1007 1838 versus
1051 1801 1101 1838 18
1142 1797 1294 1838 verba:
1338 1798 1560 1838 delectare
1590 1810 1731 1837 uxore
1754 1798 1831 1850 ju-

198 1881 391 1916 ventulis
431 1883 558 1927 luae,
613 1877 791 1925 docent,
846 1890 982 1930 neque
1027 1877 1079 1916 de
1129 1874 1236 1930 legis
1276 1874 1496 1916 Mosaicae
1543 1874 1830 1924 observantia,

199 1967 335 2006 neque
378 1953 429 1992 de
478 1968 604 1993 verae
645 1955 882 2007 sapientiae
930 1953 1096 2002 studio,
1150 1966 1295 1993 verum
1338 1954 1390 1993 de
1430 1968 1573 1994 amore
1614 1951 1829 2008 conjugali

196 2045 436 2071 Sermonem
468 2045 576 2072 eSSe.

838 2166 874 2214 ξ.
922 2165 1177 2205 LXXXIII.

311 2264 459 2319 Neque
491 2274 630 2305 tamen
654 2263 950 2306 Hebraeorum
974 2266 1236 2307 carminibus
1266 2268 1417 2307 desunt
1447 2263 1693 2320 allegoriae,
1723 2280 1826 2321 qua-

196 2358 287 2384 rum
330 2344 561 2397 imagines,
600 2345 677 2382 etsi
713 2357 738 2382 a
777 2344 904 2385 rebus
945 2347 1128 2400 cognitis
1171 2347 1324 2399 petitae
1364 2346 1469 2392 sint,
1515 2341 1627 2383 haud
1670 2345 1828 2399 exigua

197 2421 451 2461 obscuritate
486 2420 705 2470 laboran13
736 2423 859 2474 cujus
891 2425 950 2463 rei
981 2437 1109 2463 causa
1141 2425 1182 2462 in
1219 2437 1269 2462 eo
1293 2422 1547 2477 quaerenda,
1578 2423 1685 2476 quod
1712 2431 1827 2462 certa

195 2500 487 2539 desiderentur
521 2501 699 2548 indicia,
739 2501 892 2552 quibus
924 2503 1155 2556 imaginum
1189 2501 1239 2541 ad
1273 2515 1340 2540 res
1374 2499 1659 2556 designandas
1688 2509 1826 2540 trans-

193 2576 297 2617 latio
330 2580 575 2618 innotescat.
638 2576 844 2631 Exemplo
876 2580 929 2617 sit
961 2578 1298 2620 celebratissima
1329 2579 1402 2620 illa
1433 2578 1637 2635 allegoria
1659 2576 1822 2619 Eccles-

195 2653 305 2703 ΧΠ,
339 2659 490 2707 2-6,
539 2657 621 2710 quai
653 2656 881 2695 senectutis
914 2656 1180 2698 incommoda
1219 2658 1493 2712 sequentibus
1526 2655 1822 2698 describuntur

192 2732 471 2786 imaginibus:
512 2734 829 2783 „obscurantur
859 2732 950 2783 sol,
993 2733 1093 2786 lux,
1136 2734 1237 2776 luna
1278 2744 1402 2790 atque
1441 2734 1604 2785 sidera;
1645 2736 1822 2776 redeunt

1898 2686 1928 2765 i
