1968 3095
233 178 288 218 92
837 179 933 216 Pars
963 179 1016 216 11.
1081 179 1171 228 Cap.
1203 179 1254 216 11.

234 304 308 332 sae
336 288 527 346 puellae,
563 286 630 328 vel
661 288 784 343 equi,
817 287 993 339 cameli,
1026 303 1218 345 pugnae,
1248 287 1403 346 gladii,
1432 287 1573 340 horti,
1604 288 1758 341 flores,
1788 303 1869 331 nu-

234 367 326 418 bes,
359 366 544 422 pluviae,
578 366 748 406 deserta
775 375 854 408 etc.
885 367 1186 423 depinguntur.
1247 366 1414 418 Quibus
1441 366 1655 409 coloribus
1684 366 1867 423 puellas,

234 458 365 500 equos
394 442 645 500 gladiosque
677 446 855 501 pingant
882 444 1074 487 Arabum
1104 452 1278 502 poetae,
1314 448 1405 501 jam
1435 447 1631 502 superius
1661 446 1867 496 vidimus3

232 537 255 563 e
286 521 541 577 reliquarum
577 537 718 564 rerum
751 525 1111 580 descriptionibus
1151 524 1279 567 liceat
1315 539 1442 566 unam
1476 533 1662 574 tanturn,
1714 522 1868 566 cameli

232 602 458 651 nimirum,
490 602 533 642 in
567 603 752 643 medium
788 602 1004 658 proferre,
1045 604 1156 658 quod
1187 618 1238 644 ea
1267 603 1607 660 frequentissime
1640 605 1683 645 in
1715 605 1869 645 carmi-

231 679 360 720 nibus
391 677 589 721 Arabicis
619 690 828 722 occurrat.
905 679 1127 724 camelum
1158 683 1232 724 vix
1263 681 1373 723 ullus
1403 688 1625 737 poetarum
1655 680 1867 724 Arabico-

231 773 323 801 rum
355 757 715 813 splendidioribus
748 761 914 801 ornavit
943 759 1182 812 coloribus,
1215 775 1340 817 quam
1380 760 1575 814 Tarafa,
1607 774 1737 816 quare
1767 774 1865 802 eum

231 837 498 892 potissimum
540 847 756 879 auctorem
795 852 1035 894 sequemur.
1111 836 1296 879 Vehitur
1338 844 1462 893 poeta
1501 837 1692 890 camelo,
1741 841 1865 894 cujus

232 913 352 955 calva
385 915 634 968 durissima,
676 917 843 958 incudis
875 919 1030 966 instar;
1079 931 1215 973 genae
1243 916 1447 958 candidae
1477 914 1704 972 laevesque
1733 918 1867 958 instar

232 992 403 1033 chartae
428 992 653 1046 Syriacae,
685 993 806 1036 labra
831 995 975 1036 mollia
1001 997 1200 1052 rugisque
1221 995 1441 1046 destituta,
1475 1006 1672 1051 tanquam
1703 997 1865 1037 corium

229 1072 510 1125 Jemanense5
561 1071 673 1113 oculi
717 1073 820 1114 clari
861 1075 1069 1129 nitidique
1111 1088 1186 1114 ceu
1218 1071 1392 1128 specula
1424 1075 1529 1123 duo,
1582 1074 1786 1114 reconditi
1821 1074 1863 1113 in

229 1151 423 1191 cavernis
454 1152 619 1202 saxeis,
662 1153 721 1193 ita
754 1162 799 1193 ut
830 1153 1022 1194 scrobem
1054 1154 1163 1208 aqua
1193 1151 1398 1207 repletam
1429 1152 1587 1193 referre
1617 1153 1864 1199 videantur-3

228 1243 352 1269 aures
392 1238 568 1281 tenues,
618 1232 862 1272 acutissimo
894 1231 1038 1272 auditu
1072 1232 1314 1286 praeditae;
1361 1230 1517 1272 collum
1559 1244 1781 1285 procerum
1822 1238 1865 1270 et

228 1306 361 1362 agile,
407 1306 547 1348 simile
590 1319 728 1350 rostro
771 1311 891 1350 navis
934 1311 1113 1350 adverso
1153 1308 1329 1365 Tigride
1372 1318 1542 1360 vectae3
1593 1310 1715 1363 spina
1746 1309 1864 1349 dorsi

230 1387 386 1440 optime
419 1385 604 1439 inflexa,
645 1397 786 1428 costae
818 1389 943 1428 sicuti
972 1402 1120 1438 arcus,
1163 1402 1261 1439 cor,
1295 1386 1492 1429 celeriter
1523 1385 1756 1443 palpitans,
1788 1384 1866 1428 fir-

227 1477 340 1504 mum
374 1472 572 1520 tanquam
604 1480 782 1517 saxum,
826 1466 989 1508 femora
1020 1481 1145 1507 carne
1176 1465 1314 1508 solida
1343 1468 1571 1517 instructa,
1605 1466 1741 1507 instar
1770 1463 1862 1506 val-

227 1557 373 1584 varum
406 1542 566 1584 excelsi
595 1543 739 1598 palatii
769 1548 1050 1601 assurgentia,
1082 1546 1211 1601 pedes
1236 1545 1367 1600 agiles
1399 1555 1440 1586 et
1460 1544 1707 1594 firmissimi,
1737 1557 1863 1585 cursu

227 1620 622 1662 struthiocamelum
661 1633 915 1678 aequantes,
972 1626 1157 1666 universi
1200 1625 1380 1679 denique
1420 1624 1610 1680 corporis
1650 1631 1861 1664 structura

229 1701 511 1754 comparanda
545 1703 664 1755 ponti
690 1701 743 1742 ab
774 1700 1004 1743 architecto
1024 1701 1188 1744 Graeco
1211 1712 1453 1754 exstructo,
1486 1703 1556 1758 qui
1576 1701 1860 1759 jurejurando

227 1792 272 1818 se
303 1777 614 1830 obstrinxerat,
645 1778 936 1821 firmissimum
963 1795 1057 1822 sese
1089 1796 1194 1836 opus
1225 1782 1501 1822 conditurum.
1560 1780 1704 1835 Hujus
1734 1793 1862 1835 gene-

226 1857 285 1897 ris
329 1857 637 1911 descriptiones
678 1872 800 1913 quam
843 1858 1050 1913 plurimae
1091 1862 1133 1900 in
1174 1859 1454 1908 carminibus,
1497 1859 1649 1914 quibus
1679 1857 1862 1901 Moalla-

227 1934 380 1974 karum
407 1948 587 1985 nomen,
620 1937 914 1984 inveniuntur3
954 1951 1061 1991 quae
1090 1938 1233 1977 onmia
1263 1938 1303 1976 in
1338 1938 1486 1978 eodem
1515 1937 1606 1978 fere
1639 1946 1862 1978 versantur

227 2020 498 2067 argumento,
551 2014 593 2053 in
637 2013 928 2054 describendis
970 2014 1148 2069 puellis,
1192 2017 1334 2071 equis,
1378 2014 1578 2066 camelis,
1622 2015 1859 2072 bellicaque

229 2098 379 2146 poetae
410 2090 671 2133 fortitudine.
748 2091 929 2147 Finguut
960 2107 1110 2148 nempe
1143 2093 1457 2135 Moallakarum
1498 2103 1718 2144 auctores,
1764 2108 1860 2135 sese

226 2169 395 2222 locum,
435 2185 460 2210 a
492 2169 633 2224 puella
663 2172 857 2212 adamata
889 2172 1099 2226 quondam
1132 2170 1439 2223 inhabitatum,
1485 2186 1578 2213 cum
1609 2174 1737 2214 sociis
1764 2174 1858 2229 qui-

229 2249 405 2290 busdam
455 2250 653 2290 invisere.
735 2248 983 2305 Conspectis
1031 2251 1186 2291 deserti
1223 2250 1313 2303 jam
1350 2248 1432 2291 loci
1472 2251 1695 2293 ruderibus
1735 2257 1859 2307 poeta

230 2341 422 2367 moerore
465 2326 688 2376 adficitur3
743 2328 870 2368 deflet
911 2328 1130 2369 absentem
1170 2330 1376 2376 amicam,
1424 2329 1600 2383 ejusque
1639 2332 1857 2385 egregiam

230 2405 407 2445 formam
442 2405 647 2459 depingit.
720 2405 895 2462 Colligit
926 2408 1093 2448 tandem
1125 2409 1335 2456 animum,
1387 2415 1430 2446 et
1460 2405 1703 2463 longinquis
1734 2409 1858 2450 itine-

230 2483 346 2523 ribus
377 2484 686 2536 aegritudinem
721 2484 879 2538 pellere
912 2487 1108 2526 instituit.
1167 2483 1262 2525 Jam
1291 2485 1342 2525 ad
1373 2499 1554 2540 equum,
1592 2488 1684 2528 sive
1714 2502 1856 2529 came-

230 2573 340 2613 lum,
392 2562 554 2601 itineris
593 2563 851 2614 suscipiendi
897 2566 1115 2610 comitem,
1166 2563 1489 2605 describendum
1522 2567 1684 2607 transit.
1760 2565 1857 2615 Qua

233 2639 475 2692 perfunctus
504 2639 785 2693 descriptione
818 2643 1140 2695 imperterritum
1173 2643 1382 2692 animum,
1416 2644 1705 2684 fortitudinem
1731 2654 1857 2699 atque

233 2715 530 2758 liberalitatem
563 2732 680 2759 suam
715 2719 957 2773 praedicat,
996 2720 1185 2775 vitaeque
1218 2722 1499 2763 instituendae
1530 2731 1751 2777 praecepta
1781 2723 1855 2764 ad-
