1979 3073
809 159 1057 207 Comparatio.
1662 158 1743 197 213

122 281 174 308 eo
201 269 380 322 positam
423 280 523 307 esser
555 268 760 320 putarim,
803 267 912 321 quod
943 265 1238 307 Hebraeorum
1278 271 1425 321 po'e‘tae
1469 279 1678 320 uunquam
1719 281 1742 307 a

121 347 226 386 sana
252 344 475 400 sobriaque
515 355 655 385 mente
698 345 803 385 adeo
845 343 1120 395 deflexerint,
1161 357 1285 398 quam
1315 342 1632 398 religiosiilli,
1675 343 1741 384 vel

120 423 293 463 fanatici
320 422 510 472 Arabes,
553 424 624 477 qui
662 435 751 462 rem
784 422 1117 472 sanctissimam,
1155 422 1338 461 numinis
1371 422 1503 461 divini
1534 435 1737 470 amorem,

117 498 411 542 lascivissimis
441 500 652 540 interdum
681 498 936 554 imaginibus
967 497 1184 538 involvere
1215 497 1328 539 haud
1361 499 1481 538 veriti
1513 509 1623 540 sunt.

802 612 838 661 ς.
890 608 1050 650 cxlv.

229 700 343 741 Inter
383 700 550 741 dicendi
591 699 776 756 figuras,
831 712 937 754 quae
986 699 1027 738 in
1071 697 1362 738 Hebraeorum
1409 698 1527 752 poesi
1568 697 1733 738 obviam

112 766 240 829 sunt,
284 779 464 832 denique
505 788 546 818 et
580 778 799 832 parabola
836 775 1071 817 referenda⁴
1136 767 1255 816 Haec
1295 774 1434 830 figura
1473 776 1516 814 in
1547 774 1735 815 Arabum

117 855 374 897 carminibus
405 855 686 903 desideratur3
728 856 837 910 quod
872 853 982 894 haud
1011 855 1272 903 mirandum,
1315 853 1524 908 siquidem
1554 861 1594 891 et
1627 853 1735 906 apud

114 931 338 972 Hebraeos
395 933 561 972 nonnisi
615 934 656 972 in
700 931 996 985 prophetarum
1040 933 1232 984 scriptis,
1289 931 1472 969 maxime
1513 931 1734 980 seriorum,

115 1024 289 1064 quorum
322 1010 487 1050 dicendi
526 1024 659 1064 genus
698 1010 890 1063 proxime
930 1010 981 1049 ad
1021 1010 1253 1063 pedestrem
1286 1008 1445 1048 accedit
1485 1009 1762 1057 orationem„

114 1082 256 1128 locum
290 1087 431 1129 habet.
493 1088 739 1136 Quinimmo
764 1089 854 1140 jam
887 1087 980 1140 ipsa
1013 1088 1161 1126 natura
1194 1088 1269 1126 sua
1300 1084 1523 1139 parabola,
1554 1099 1645 1124 cum
1678 1086 1733 1125 sit

113 1167 174 1205 rei
207 1167 424 1219 cujusdam
453 1165 576 1206 fictae
609 1166 818 1214 narratio,
862 1165 912 1204 ad
954 1163 1246 1204 illustrandam
1288 1157 1504 1203 veritatem
1547 1162 1730 1217 aliquam

114 1243 324 1292 adhibita,
374 1246 507 1299 magis
548 1245 598 1284 ad
642 1244 901 1297 pedestrem,
949 1257 1070 1296 quam
1115 1243 1320 1296 poeticam
1362 1242 1594 1280 orationem
1637 1254 1729 1294 per-

113 1323 247 1361 tinere
281 1322 454 1361 videtur.
488 1346 538 1352 —
578 1320 644 1362 De
674 1321 873 1374 reliquis,
917 1320 1092 1358 minoris
1132 1320 1335 1358 momenti
1367 1316 1538 1371 figuris,
1577 1317 1729 1372 quibus

113 1398 406 1438 Hebraeorum
428 1398 696 1454 Arabumque
728 1405 891 1454 po’etae,
924 1407 1089 1452 praeter
1122 1405 1394 1442 memoratas,
1426 1405 1610 1444 utuntur,
1646 1409 1729 1434 non

112 1485 199 1526 est,
232 1477 339 1530 quod
371 1477 582 1524 dicamus3
615 1479 792 1525 etenim,
828 1478 870 1517 ni
901 1474 1111 1523 fallimur,
1139 1475 1229 1526 jam
1262 1488 1313 1513 ex
1345 1472 1456 1522 illis,
1489 1487 1594 1526 quae
1630 1472 1729 1512 huc-

115 1555 212 1595 dum
245 1556 570 1608 disputavimus,
617 1554 860 1609 adparebst,
906 1563 1103 1607 quantum
1144 1552 1359 1604 utriusque
1393 1549 1537 1604 populi
1571 1551 1727 1603 poesis,

113 1632 267 1686 stylum
296 1635 330 1674 si
363 1642 550 1687 spectes,
592 1635 701 1673 inter
733 1645 778 1671 se
809 1631 1043 1670 consentiat
1081 1638 1206 1681 atque
1236 1628 1415 1668 differat.

701 1967 957 2011 Pars
1022 1964 1136 2009 lv.

258 2095 310 2130 De
340 2094 489 2129 exterriti
520 2094 722 2129 carminum
752 2093 1016 2128 Hebraicorum
1049 2099 1156 2137 atque
1182 2093 1422 2127 Arabicurum
1452 2091 1584 2135 [οι-ηιά.

753 2232 1089 2277 eap.1.

496 2324 546 2356 De
585 2322 727 2356 externa
753 2324 935 2356 carminum
961 2323 1204 2356 Hebraicorum
1231 2320 1351 2354 forma.

812 2437 848 2485 ξ.
890 2433 1028 2474 CXV.

230 2523 324 2565 Jam
356 2524 454 2564 inde
485 2523 537 2564 ab
567 2526 871 2580 antiquissimis
904 2522 1160 2578 temporibus
1201 2537 1225 2561 a
1269 2523 1369 2561 viris
1400 2521 1532 2560 doctis
1563 2518 1729 2572 quaesi·

120 2611 206 2643 tum
239 2602 340 2653 fuit,
386 2615 591 2656 quaenam
623 2611 799 2643 externa
828 2603 1057 2642 carminum
1090 2600 1396 2640 Hebraicorum
1430 2597 1551 2637 fuerit
1583 2596 1732 2644 forma,

120 2688 256 2720 utrum
301 2678 465 2734 legibus
506 2681 716 2728 metricis,
766 2680 817 2720 ad
858 2681 987 2720 instar
1029 2679 1259 2718 carminum
1303 2675 1560 2715 Graecorum
1610 2684 1734 2727 atque
