1968 3095
189 191 243 234 38
815 193 907 229 Pars
938 193 970 228 1.
1030 191 1120 238 Cap.
1153 190 1208 226 11.

703 303 874 356 &4435
933 299 1068 355 ’⁵443
1116 300 1317 355 ῑ-ὼ-ἓ)

699 390 767 444 Lis
799 413 928 457 Q>
962 404 1006 454 ἐς
1043 411 1114 444 ω
1150 393 1355 464 1²?f‘»'¹

663 505 930 562 fitz->Qu
987 491 1128 562 mai}
1180 502 1314 568 uas),

399 602 662 645 Vestivimus
692 603 889 654 domum,
930 617 1054 659 quam
1086 615 1252 643 sacram
1283 601 1466 642 reddidit
1494 600 1628 649 Deus,

405 683 596 723 Sindone
629 681 905 722 subtilissima
937 681 1206 735 vestibusque
1236 680 1413 720 striatis.

399 759 546 816 Ibique
579 761 827 801 commorati
858 774 1004 801 sumus
1034 759 1182 800 decem
1212 771 1398 808 menses,

401 839 667 893 Foribusque
698 840 792 892 ejus
824 838 1062 879 addidimus
1094 836 1273 878 clavem.

399 918 567 958 Deinde
591 919 753 973 egressi
777 931 923 958 sumus
944 915 1070 966 illuc,
1103 915 1176 956 ubi
1196 915 1341 956 sedem
1367 913 1645 966 habebamus,

402 995 711 1052 Vexillumque
742 994 993 1036 sustulimus
1023 992 1309 1035 convolutum.

203 1086 329 1136 Quod
361 1086 643 1140 fragmentum
685 1099 782 1125 cum
825 1086 1106 1140 septingentis
1147 1085 1270 1124 annis
1300 1082 1615 1124 Mokammedab
1655 1089 1837 1122 aetatem

203 1178 430 1220 superare,
466 1161 730 1218 dialectoque
754 1166 927 1217 insuper
959 1162 1258 1217 Hemjariticci
1289 1163 1566 1217 compositum
1599 1173 1694 1202 esse
1725 1161 1843 1202 dica-

206 1253 294 1284 tur:
327 1242 659 1297 exspectandum
690 1250 804 1291 erat,
837 1250 881 1281 ut
912 1251 954 1283 et
983 1242 1248 1296 antiquitatis
1278 1251 1318 1280 et
1351 1238 1577 1294 peculiaris
1605 1238 1721 1280 illius
1751 1241 1846 1280 dia-

204 1321 305 1362 lecti
344 1319 529 1361 colorem
572 1333 671 1375 prae
700 1334 746 1360 se
776 1320 933 1379 ferret}
984 1321 1106 1373 cujus
1139 1328 1279 1359 tamen
1312 1317 1466 1360 coloris
1499 1331 1634 1373 neque
1663 1319 1707 1359 in
1738 1319 1844 1374 ipsis

209 1398 443 1450 vocabulis,
484 1411 618 1453 neque
650 1398 692 1437 in
725 1411 871 1438 eorum
903 1399 1116 1439 structura
1146 1398 1422 1453 grammatica
1452 1394 1583 1436 ullum
1615 1398 1844 1457 vestigium

209 1479 482 1532 conspicitur.
557 1474 747 1525 Contra,
793 1492 844 1517 ea
883 1487 947 1518 est
985 1478 1195 1518 sermonis
1237 1478 1346 1517 ratio
1387 1484 1513 1530 atque
1550 1473 1743 1526 indoles,
1797 1484 1846 1518 ut

209 1557 439 1612 fragmenti
468 1554 584 1595 illius
615 1556 736 1609 origo
769 1556 939 1596 nonnisi
971 1555 1022 1595 ad
1055 1564 1235 1596 aetatem
1268 1553 1567 1596 Molzammede
1597 1554 1846 1596 inferiorem

211 1637 266 1677 sit
296 1635 519 1675 referenda
547 1634 627 1686 Η).
692 1631 890 1673 Ceterum
922 1634 957 1673 si
992 1643 1033 1674 et
1063 1635 1341 1683 concedatur,
1374 1633 1657 1688 fragmentum
1684 1631 1791 1675 illud
1819 1648 1846 1674 a

221 1712 392 1754 Tohbao
424 1713 553 1754 Asad
584 1711 685 1753 Abu
726 1711 857 1752 Kar-b
898 1712 1136 1767 profectum
1180 1727 1299 1763 esse,
1352 1711 1465 1752 haud
1507 1719 1646 1752 tamen
1688 1713 1847 1768 septin-

213 1793 352 1847 gentis
385 1794 508 1832 annis
541 1789 855 1831 ,Mokammedis
894 1800 1083 1845 tempora
1121 1791 1353 1847 superabit.
1423 1788 1618 1844 Namque
1656 1804 1735 1831 rex
1773 1789 1848 1831 ille

216 1870 589 1923 Hemjarz‘tarum‚
624 1877 668 1909 ut
698 1867 862 1911 clariss.
893 1869 946 1909 de
975 1867 1090 1922 Sacy
1122 1871 1265 1911 docuit
1293 1868 1386 1922 ⁴³),
1419 1869 1517 1908 inde
1544 1867 1597 1907 ab
1627 1881 1739 1909 anno
1767 1872 1851 1910 220
1894 1851 1898 1854 ²

219 1949 270 1988 ad
311 1962 468 1988 annum
499 1951 580 1988 238
626 1958 719 2001 post
747 1945 849 1987 Chr.
883 1960 951 1997 n.,
1003 1961 1106 2003 ergo
1138 1947 1190 1988 ab
1222 1961 1334 1989 anno
1375 1950 1456 1988 349
1495 1946 1548 1986 ad
1579 1959 1737 1988 annum
1768 1950 1847 1990 331

276 2136 351 2188 42)
382 2138 442 2175 De
467 2139 573 2188 Sacy
592 2139 759 2177 maxime
782 2140 820 2178 in
844 2139 992 2178 ultimis
1025 2139 1239 2193 fragmenti
1269 2142 1432 2194 hujusce
1461 2141 1590 2181 verbis
1621 2135 1745 2188 0335„
1777 2115 1852 2185 *ΒΞ-5

331 2217 497 2256 serioris
542 2218 628 2257 aevi
670 2219 881 2271 vestigium
924 2219 1216 2269 deprehendere
1258 2221 1334 2258 sibi
1375 2220 1484 2260 visus
1522 2219 1611 2258 fuit.
1680 2219 1851 2272 Colligit

337 2295 435 2332 enim
470 2310 518 2334 ex
551 2297 639 2334 ioco
668 2297 757 2334 libri
787 2285 917 2346 &yffi-33
957 2295 1049 2345 ζὴ*
1094 2298 1119 2335 i.
1150 2312 1183 2336 e.
1216 2299 1340 2351 legati
1372 2299 1492 2337 divini
1530 2297 1854 2349 (Molinmmedis)

336 2373 440 2419 vita,
482 2389 622 2412 morem
657 2376 803 2414 vexilla
834 2377 1040 2421 nectendi,
1082 2376 1145 2413 ubi
1180 2377 1216 2413 in
1248 2377 1388 2414 bellum
1422 2377 1586 2415 eundum
1621 2382 1749 2422 esset,
1783 2376 1851 2414 de-

338 2454 433 2477 mum
478 2455 499 2479 a
542 2444 690 2482 Cosani,
750 2444 815 2494 qui
866 2444 988 2494 pulsis
1030 2444 1234 2481 Chozaitis
1280 2444 1443 2481 Meccne
1490 2444 1749 2495 principatum
1801 2444 1851 2481 ad

340 2506 623 2546 Koraiscliitas
670 2511 838 2557 detulit,
886 2511 1148 2549 introductum
1194 2510 1333 2549 fuisse.
1405 2512 1501 2549 Vide
1540 2513 1755 2549 com-nent.
1802 2511 1850 2548 de

339 2575 571 2614 literaturae
602 2578 798 2615 Arabicae
829 2578 1008 2630 origine,
1041 2593 1076 2629 p.
1100 2577 1197 2615 364.

271 2643 354 2703 μ43)
399 2655 440 2692 ln
474 2655 802 2693 ommno-»tatione
844 2657 891 2694 de
933 2656 1250 2694 memorabilibus
1294 2657 1458 2694 Arabum
1493 2663 1582 2695 unte
1615 2658 1852 2698 Moltnmme-

341 2722 423 2758 dem
458 2723 592 2767 rebus,
626 2737 660 2773 p.
683 2721 779 2761 593.
