1958 2947
558 135 609 171 De
642 135 732 180 stylo
763 137 969 172 carminum
1001 135 1281 172 Hebraicorum.
1653 135 1728 177 145

111 242 255 292 nives,
310 240 516 292 nebulae,
568 241 769 282 animalia
807 242 1066 299 arboresque
1107 251 1412 298 provocantur,
1460 254 1504 285 ut
1546 247 1731 287 numinis

109 318 242 359 divini
272 321 536 372 majestatem
558 328 682 375 atque
704 322 935 374 potentiam
953 319 1152 362 laudibus
1173 322 1367 363 efferant.
1415 320 1564 378 Neque
1591 332 1727 365 tamen

108 399 326 451 corporeis
358 406 518 437 tantum
548 407 673 452 atque
705 396 947 438 visibilibus
979 398 1134 449 rebus,
1167 414 1313 440 verum
1347 402 1473 441 etiam
1503 402 1580 451 iis,
1623 415 1730 456 quae

106 487 191 514 non
237 474 315 515 sub
356 489 505 515 sensus
549 476 725 525 cadunt,
767 485 812 516 ut
847 475 1095 527 virtutibus,
1138 479 1250 518 vitiis
1289 477 1466 532 aliisque
1507 478 1732 520 abstractis

105 552 352 593 notionibus
390 555 519 593 vitam
559 563 602 593 et
641 553 850 594 sentiendi
894 554 1130 608 agendique
1162 554 1402 595 facultatem
1436 556 1730 598 Hebraeorum

104 636 256 684 poetae
305 631 493 671 tribuere
542 629 696 671 solent.
777 629 988 685 Exempla
1035 630 1377 685 splendidissima
1426 633 1593 675 obviam
1636 645 1734 676 sunt

102 707 307 749 Proverb.
351 723 440 762 cap.
486 706 592 748 Vll!
619 719 660 749 et
689 709 780 758 lx,
816 712 967 759 1—-5‚
1013 712 1123 748 13-
1143 713 1209 750 17.
1283 708 1332 749 In
1364 712 1497 764 priori
1529 711 1602 752 illo
1633 712 1729 754 loco

102 787 313 840 sapientia
342 785 534 827 mulieris
566 789 705 842 specie
737 788 976 838 inducitur,
1021 786 1220 828 mortales
1260 789 1313 828 ad
1353 789 1536 828 studium
1567 792 1633 830 sui
1662 793 1730 832 in·-

103 865 258 905 vitans.
320 862 601 905 Commendat
628 879 723 906 sese
766 875 811 905 ut
845 867 957 906 vitae
998 866 1171 915 ducem,
1211 864 1443 918 honorum,
1487 869 1728 910 divitiarum

102 943 322 997 omnisque
362 941 578 983 felicitatis
624 954 862 991 auctorem,
910 944 1231 997 praedicatque,
1283 958 1330 997 se
1379 955 1475 984 ante
1517 948 1727 990 conditam

101 1032 242 1059 rerum
277 1031 471 1062 naturam
503 1022 666 1061 numini
699 1021 842 1060 divino
873 1023 1054 1071 sociam,
1093 1018 1450 1074 consiliorumque
1480 1026 1730 1080 participem

103 1097 306 1138 adfuisse.
385 1097 432 1138 In
473 1097 608 1139 altero
656 1098 752 1140 loco
799 1100 948 1139 eadem
996 1100 1207 1154 sapientia
1245 1097 1514 1152 magnificam
1558 1103 1728 1144 domum

99 1174 185 1215 sibi
218 1177 509 1227 exstruxisse,
550 1179 793 1217 convivium
827 1178 1077 1231 adparasse,
1117 1175 1365 1231 puellasque
1405 1191 1502 1219 suas
1534 1182 1726 1222 emisisse

101 1252 279 1303 dicitur,
311 1263 355 1294 ut
373 1240 604 1309 ‘imperitos
635 1255 686 1295 ad
718 1263 884 1309 paratas
917 1253 1062 1308 epulas
1091 1256 1284 1295 invitent.
1340 1254 1512 1297 Tertius
1544 1257 1725 1313 denique

98 1329 220 1372 locus
259 1331 484 1373 stultitiam
522 1331 714 1373 mulieris
756 1333 996 1386 impudicae
1034 1333 1221 1387 imagine
1261 1343 1570 1386 repraesentat,
1621 1349 1726 1390 quae

100 1409 155 1449 ad
186 1410 335 1451 domus
366 1425 467 1450 suae
498 1412 652 1451 ostium
681 1411 823 1460 sedet,
855 1419 897 1450 et
926 1420 1241 1464 praetereuntes
1271 1412 1448 1461 invitat,
1479 1420 1524 1452 ut
1556 1413 1724 1455 domum

101 1502 221 1528 suam
251 1490 570 1543 ingrediantur,
603 1490 854 1543 furtivisque
883 1487 972 1528 illic
1001 1486 1291 1542 voluptatibus
1314 1489 1521 1530 fruantur.
1551 1514 1608 1521 —-
1639 1491 1726 1532 Au-

101 1566 368 1607 dacissimam
400 1567 527 1620 hujus
558 1568 727 1621 generis
751 1567 1099 1620 prosopopoeiam
1130 1565 1307 1607 exhibet
1333 1566 1525 1608 Psalmus
1554 1568 1721 1620 XLIX,

105 1648 171 1694 15,
204 1659 285 1698 quo
315 1647 357 1686 in
386 1644 479 1685 loco
512 1660 625 1686 mors
657 1643 870 1698 improbos
903 1644 1045 1683 ovium
1074 1644 1208 1684 instar
1237 1659 1410 1699 pascere
1441 1645 1615 1687 dicitur:

817 1734 903 1765 iri-e
934 1722 1072 1765 bisw':
1101 1732 1216 1777 3⁸2:

997 1808 1101 1844 1:³2ss
1132 1808 1212 1841 mn

705 1880 821 1934 *pub
853 1886 986 1921 tii-nm
1016 1888 1072 1920 n:
1103 1890 1217 1922 ἰτ-νη

768 1958 881 2000 ⁷:7⁸in
918 1958 1051 2002 mbnb
1084 1964 1218 2002 naun

1032 2037 1075 2079 ib
1108 2037 1213 2080 bam

380 2114 536 2155 Ovium
567 2117 701 2155 instar
732 2117 774 2154 in
807 2128 954 2155 orcum
981 2122 1163 2169 aguntur
1192 2112 1432 2167 (improbi),

382 2193 502 2234 Mors
533 2201 676 2248 pascet
704 2206 802 2241 eos,

381 2271 434 2312 Et
461 2270 682 2312 calcabunt
713 2285 785 2311 eos
817 2269 941 2325 probi
978 2268 1121 2319 illico,

382 2348 658 2403 Speciemque
690 2362 835 2388 eorum
867 2347 1060 2388 absumet
1089 2361 1234 2397 orcus,

380 2425 608 2468 Domicilio
640 2441 716 2467 suo
756 2435 979 2467 exuentur.

105 2502 233 2544 Haud
262 2505 416 2545 minori
445 2506 622 2546 audacia
651 2515 693 2547 et
720 2507 764 2546 in
795 2504 901 2545 Jobi
925 2503 1064 2554 libro,
1106 2517 1195 2558 cap.
1227 2503 1350 2553 XLI,
1385 2508 1459 2552 14,
1501 2504 1543 2543 in
1575 2516 1722 2544 croco-

105 2579 181 2621 dili
222 2580 332 2624 collo
373 2582 502 2624 robur
540 2593 813 2636 pernoctare,
852 2592 1071 2637 terrorque
1107 2592 1202 2622 ante
1238 2595 1333 2620 eum
1373 2579 1587 2622 exsultare
1622 2595 1719 2635 per-

105 2658 274 2702 hibetur
292 2674 302 2700 :

1358 2738 1407 2773 10
