1979 3073
3 1261 12 1372 <2—>fflf
0 1094 9 1253 ,2-—09-——<
0 605 7 1086 ΑἯ--ψ-ῤ-ᾼ

462 233 514 270 De
544 234 694 270 externo
732 234 938 271 carminum
966 233 1235 270 Hebraicorum
1263 235 1399 281 sor-mci.
1657 235 1734 273 227

115 340 288 383 referet.
343 339 427 381 Sed
459 340 736 392 concedatur,
777 355 945 382 omnem
985 342 1131 395 poesin
1167 344 1354 384 numeris
1383 341 1633 398 quibusdam
1664 342 1738 383 de-

114 419 217 461 bere
247 419 473 473 adstringi:
513 417 626 459 haud
668 427 808 459 tamen
855 432 1028 459 necesse
1065 428 1155 467 est,
1197 429 1243 460 ut
1281 421 1446 460 numeri
1477 417 1540 459 illi
1575 421 1737 472 justum

116 496 289 552 aliquod
319 506 522 547 metrum,
563 496 741 551 pedibus
775 497 1051 551 versibusque
1082 498 1412 553 congruentibus
1440 499 1735 552 compositum,

115 576 168 616 ad
207 577 343 616 instar
382 583 609 615 metrorum
641 574 900 615 Graecorum
941 585 1066 629 atque
1108 575 1420 625 Romanorum,
1469 576 1737 617 constituant.

116 653 194 694 Est
223 651 378 708 aliquis
406 667 630 703 numerus,
676 654 766 694 sive
807 651 1026 706 rhythmus
1056 654 1261 704 liberior,
1302 654 1354 693 ad
1395 652 1576 694 solutam
1606 655 1738 708 magis

117 732 322 772 accedens
353 732 612 781 orationem,
652 740 719 771 est
758 740 798 771 et
838 735 1087 772 accuratior
1126 741 1250 787 atque
1289 736 1540 772 concinnior
1568 733 1610 772 in
1643 746 1738 772 ora-

117 812 258 859 tione,
299 823 423 864 quam
463 807 635 864 ligatam
675 809 878 859 dicimus,
924 811 1188 862 conspicuus.
1263 809 1586 850 Concinniorem
1629 809 1741 850 hunc

118 901 338 928 numerum
369 888 413 926 in
451 885 673 928 cultiorum
714 889 900 927 maxime
938 886 1186 940 populorum
1225 887 1483 927 carminibus
1524 889 1740 933 invenies3

117 964 308 1005 liberiori
339 963 413 1004 illo
454 974 496 1004 et
534 964 788 1005 incultorum
829 963 1082 1018 populorum
1122 971 1319 1019 poemata
1348 949 1548 1020 gaudent.
1615 965 1742 1005 Hunc

117 1045 155 1085 si
194 1045 287 1099 quis
317 1042 614 1083 Hebraeorum
652 1043 910 1083 carminibus
951 1044 1167 1083 vindicare
1206 1042 1330 1094 velit,
1374 1057 1455 1083 non
1498 1052 1585 1092 est,
1631 1042 1742 1096 quod

119 1121 412 1168 adversemur3
443 1122 756 1161 concinniorem
789 1131 928 1161 autem
960 1119 1077 1160 illum
1101 1135 1319 1160 numerum
1349 1121 1463 1161 omni
1489 1121 1619 1173 poesi,
1647 1133 1741 1173 pro-

119 1200 218 1239 inde
251 1208 293 1239 et
321 1198 562 1238 Hebraicae
595 1200 878 1239 necessarium
911 1213 1029 1248 esse,
1067 1201 1209 1253 utique
1249 1212 1466 1253 negamus.
1533 1201 1578 1249 2)
1611 1195 1742 1236 Recte

121 1278 287 1332 quidem
319 1285 462 1316 monet
494 1276 731 1325 Lambrus,
764 1277 806 1315 in
838 1277 890 1316 iis
921 1276 1216 1316 Hebraeorum
1249 1276 1531 1325 carminibus,
1565 1287 1742 1329 quorum

120 1352 280 1409 singuli
306 1352 373 1393 vel
404 1368 576 1404 versus,
608 1353 675 1393 vel
706 1353 905 1407 strophae
935 1353 1069 1394 literis
1103 1354 1357 1407 primoribus
1387 1353 1601 1408 alphabeti
1631 1353 1744 1392 ordi-

121 1446 218 1472 nem
251 1441 593 1485 repraesentant,
627 1430 736 1471 ultro
769 1445 863 1472 sese
895 1430 1017 1472 nobis
1043 1432 1197 1471 offerre
1230 1430 1462 1472 versiculos
1487 1432 1612 1471 certis
1635 1430 1746 1469 notis

122 1511 336 1563 signatos,
378 1511 587 1563 certisque
615 1508 820 1549 limitibus
851 1511 1212 1563 circumscriptos;
1259 1522 1403 1549 verum
1442 1510 1541 1550 inde
1583 1521 1743 1562 nequa-

126 1601 248 1641 quam
281 1588 493 1640 sequitur‚
536 1585 767 1627 versiculos
799 1586 897 1626 illos
924 1588 1051 1639 justis
1083 1587 1287 1640 pedibus,
1329 1595 1443 1627 certo
1483 1585 1745 1639 syllabarum

125 1678 302 1705 numero
346 1673 469 1718 atque
511 1665 740 1717 quantitate
793 1665 1055 1713 constitutis,
1111 1666 1364 1718 compositos
1403 1677 1511 1704 esse.
1593 1662 1749 1704 Contra

125 1740 323 1782 versiculi
353 1740 414 1781 illi
447 1742 491 1781 in
522 1735 606 1782 uno
646 1743 878 1796 eodemque
910 1743 1123 1790 carmine,
1165 1741 1425 1794 syllabarum
1458 1754 1680 1781 numerum
1711 1741 1748 1779 si

127 1828 304 1873 spectes,
337 1817 447 1858 haud
474 1833 618 1872 parum
643 1809 751 1859 inter
773 1833 818 1859 se
840 1819 1053 1868 differunt,
1085 1828 1131 1859 ut
1153 1820 1296 1859 videre
1318 1828 1383 1859 est
1407 1818 1571 1874 psalmo
1583 1815 1746 1864 XXV3

130 1898 238 1937 unde
270 1897 494 1949 conjicias,
524 1910 658 1950 neque
691 1897 731 1937 id
763 1899 994 1936 carminum
1018 1911 1152 1951 genus
1174 1898 1291 1950 justo
1320 1895 1460 1950 aliquo
1487 1905 1619 1935 metro
1649 1907 1747 1934 con·

130 1977 342 2016 cinnatum
372 1987 479 2013 esse.
540 1972 693 2014 Omnis
732 1973 807 2014 illa
837 1974 1101 2029 singulorum
1140 1988 1335 2014 versuum
1377 1972 1445 2013 vel
1485 1971 1750 2027 stropharum

128 2053 358 2094 secundum
381 2049 594 2104 alphabeti
615 2053 805 2092 ordinem
829 2053 1047 2106 dispositio
1068 2053 1235 2092 nonnisi
1255 2053 1463 2091 seriorum
1489 2050 1749 2105 quorundam

132 2136 347 2185 poetarum
388 2128 697 2185 Hebraicorum
735 2129 959 2171 artificium
1005 2140 1093 2180 est,
1137 2144 1218 2184 quo
1256 2139 1394 2169 tamen
1436 2130 1477 2168 in
1519 2129 1747 2167 carminum

133 2207 443 2248 Hebraicorum
466 2208 675 2246 structura
696 2206 756 2247 nil
780 2210 1046 2247 immutatum
1072 2208 1163 2247 fuit.
1216 2208 1258 2258 3)
1286 2206 1595 2252 Hebraeorum,
1629 2203 1753 2242 sicuti

133 2284 311 2325 aliarum
351 2300 516 2340 quoque
555 2287 770 2340 gentium,
821 2291 969 2338 poetae
1009 2287 1180 2325 omnino
1224 2283 1336 2324 haud
1380 2297 1476 2323 raro
1515 2279 1689 2321 vocibus
1729 2293 1754 2318 a

136 2364 348 2404 communi
379 2361 579 2417 loquendi
613 2377 690 2402 usu
723 2362 1034 2403 discedentibus
1066 2372 1260 2408 utuntur3
1300 2363 1398 2415 quin
1430 2362 1515 2400 imo
1548 2374 1619 2398 eas
1652 2371 1755 2397 non-

139 2455 350 2495 nunquam
385 2439 451 2480 vel
484 2441 681 2480 detractis
722 2441 970 2495 quibusdam
1002 2439 1179 2492 syllabis
1218 2441 1436 2487 minuunt,
1479 2436 1545 2477 vel
1579 2436 1757 2488 adjectis

138 2528 319 2572 augent,
353 2518 458 2557 adeo
489 2526 534 2557 ut
561 2517 673 2557 haud
698 2519 910 2558 immerito
941 2517 1144 2558 dialectus
1167 2516 1367 2572 quaedam
1392 2517 1557 2570 poetica
1585 2512 1757 2566 linguae

140 2594 379 2635 Hebraicae
411 2604 643 2642 statuatur3
677 2609 810 2649 neque
843 2604 981 2635 tamen
1013 2609 1064 2634 ea
1096 2608 1163 2634 res
1195 2595 1446 2634 documento
1479 2604 1572 2631 esse
1603 2597 1756 2643 potest,

140 2674 326 2712 carmina
339 2672 552 2712 Hebraica
573 2674 756 2712 metricis
781 2672 948 2727 legibus
970 2675 1169 2713 adstricta
1190 2686 1298 2712 esse.
1335 2669 1441 2717 Quis
1463 2671 1575 2708 enim
1600 2667 1756 2715 credat,

142 2748 432 2790 Hebraeorum
466 2754 610 2802 poetas
639 2748 903 2790 insolentiori
946 2750 1018 2791 illo
1057 2751 1222 2790 dicendi
1258 2761 1414 2802 genere
1445 2746 1568 2787 metri
1597 2753 1758 2784 tantum

1328 2828 1422 2864 15*
