1968 3095
240 193 294 231 28
872 197 968 234 Pars
997 195 1030 234 1.
1091 197 1184 247 Cap.
1212 197 1257 234 1.

968 308 1005 358 ξ.
1044 304 1150 348 ΧΠ.

354 391 420 434 Ad
453 392 723 434 excitandam
755 402 880 450 atque
910 397 1241 451 promovendam
1271 396 1383 452 apud
1412 395 1636 439 Hebraeos
1666 397 1816 453 poe'sin
1836 399 1875 440 si

241 485 349 528 quae
380 485 447 512 res
479 468 578 522 alia,
611 480 724 513 certe
755 482 796 514 et
825 478 1013 516 numinis
1042 475 1187 518 divini
1217 477 1359 518 cultus
1387 473 1616 532 plurimum
1640 473 1872 517 contulisse

239 550 424 590 videtur.
493 547 775 592 Notissimum
808 562 895 603 est,
944 567 1093 596 omnes
1121 554 1213 595 fere
1245 556 1407 611 antiqui
1446 555 1652 610 temporis
1692 551 1872 610 populos

239 641 362 669 sacra
400 642 477 669 sua
517 626 712 670 solennia
751 629 926 686 diesque
966 631 1098 674 festos
1130 633 1399 688 tripudiando
1433 634 1728 688 cantandoque
1760 629 1874 674 cele-

240 705 397 748 brasse.
477 705 595 748 Idem
639 708 750 763 apud
788 707 1016 752 Hebraeos
1052 725 1218 767 quoque
1261 712 1352 765 jam
1386 711 1491 752 'inde
1527 711 1581 753 ab
1624 711 1874 766 antiquissi-

238 785 319 825 mis
367 784 630 840 temporibus
680 801 773 828 mos
818 788 1016 830 obtinuit.
1095 788 1205 831 Cum
1247 791 1299 832 ad
1338 800 1525 832 montem
1564 788 1701 832 Sinai
1737 786 1873 831 vitulo

238 876 367 904 aureo
407 878 528 904 sacra
563 864 737 906 fecisset
777 865 959 922 populus
990 867 1254 918 Hebraicus,
1301 867 1460 924 epulis,
1505 867 1715 910 cantando
1739 876 1872 923 atque

238 942 510 997 tripudiando
553 943 665 984 diem
710 947 946 986 consumsit
979 949 1063 1001 33).
1136 946 1185 988 In
1225 947 1407 988 eundem
1452 947 1626 988 modum
1666 947 1758 988 dies
1796 944 1872 987 ille

237 1019 398 1071 festus,
450 1035 532 1076 quo
571 1021 756 1065 foederis
788 1038 886 1065 area
927 1039 1003 1079 per
1034 1024 1253 1067 Davidem
1283 1025 1627 1080 Hierosolymam
1666 1023 1872 1067 translata

235 1098 341 1149 fuit,
373 1109 525 1149 cantu,
557 1103 718 1143 musico
748 1101 844 1143 lusu
875 1112 1000 1158 atque
1031 1105 1218 1159 tripudio
1249 1103 1488 1145 celebratus
1518 1103 1600 1144 fuit
1627 1107 1710 1158 ³⁴).
1764 1103 1870 1145 Cum

235 1189 338 1218 vero
375 1178 428 1218 ad
469 1180 723 1221 cantandum
765 1191 870 1236 opus
911 1191 1026 1223 esset
1058 1182 1343 1233 carminibus,
1392 1195 1500 1238 quae
1530 1181 1868 1235 decantarentur,

235 1254 349 1296 haud
375 1255 473 1297 fieri
501 1259 663 1311 potuit,
696 1260 797 1314 quin
828 1274 879 1300 ea
909 1261 1173 1302 consuetudo
1203 1263 1351 1316 poesin
1383 1262 1589 1301 excitaret
1618 1268 1745 1315 atque
1773 1273 1870 1314 pro-

233 1343 436 1376 moveret.
497 1335 689 1389 Accedit,
723 1340 833 1392 quod
861 1339 911 1379 ad
942 1341 1082 1396 ipsum
1113 1340 1303 1380 divinum
1335 1338 1519 1389 cultum,
1552 1339 1624 1393 qui
1652 1338 1696 1378 in
1729 1336 1868 1378 taber-

235 1410 386 1453 naculo
419 1412 604 1456 foederis
635 1415 933 1471 peragebatur,
967 1429 1114 1460 cantus
1143 1421 1413 1474 musicusque
1435 1416 1567 1468 lusus,
1598 1418 1635 1458 si
1661 1431 1745 1458 non
1767 1416 1866 1457 inde

232 1505 259 1531 a
288 1490 431 1532 Moses
460 1501 618 1543 aetate,
655 1503 769 1534 certe
794 1493 922 1552 longe
949 1509 1045 1539 ante
1074 1499 1268 1542 Davidis
1298 1509 1490 1552 tempora
1519 1495 1703 1537 adhibiti
1732 1494 1866 1536 fuisse

232 1570 441 1613 videntur.
500 1569 696 1627 Namque
727 1587 782 1614 ex
812 1575 889 1626 iis,
930 1591 1036 1632 quae
1069 1583 1091 1619 1
1115 1576 1270 1619 Chron.
1302 1574 1483 1627 XXIII,
1516 1578 1567 1626 5,
1599 1575 1651 1616 de
1686 1575 1866 1618 Davide

233 1649 477 1700 traduntur,
512 1652 781 1693 constituisse
805 1668 900 1696 eum
924 1667 1109 1710 quatuor
1137 1655 1271 1698 millia
1292 1657 1567 1706 Low-irarum,
1598 1656 1669 1711 qui
1693 1664 1864 1696 cantum

231 1740 400 1769 sacrum
431 1731 720 1785 musicamque
751 1745 915 1773 sacram
945 1745 1167 1786 curarent,
1216 1734 1342 1776 facile
1373 1736 1604 1789 conjicias,
1645 1747 1740 1774 eam
1772 1746 1862 1774 rein

232 1806 305 1846 vix
337 1816 424 1847 tum
452 1809 632 1862 primum
664 1823 689 1849 a
714 1809 892 1853 Davz’de
921 1813 1180 1863 institutam,
1215 1826 1358 1854 verum
1382 1822 1543 1854 auctam
1566 1815 1706 1868 potius
1735 1821 1862 1868 atque

231 1883 530 1939 amplificatam
561 1886 706 1928 fuisse.
766 1888 974 1945 Legimus
1004 1900 1226 1945 praeterea
1256 1890 1412 1933 4Mos.
1433 1891 1506 1942 X,
1538 1894 1614 1942 35,
1645 1893 1722 1943 36,
1754 1904 1862 1947 quo-

345 2097 447 2133 wan
490 2095 627 2134 ὩἿἿΒΌ
668 2098 712 2131 ”D
754 2099 908 2134 than&
941 2102 1069 2134 0772’72
1110 2102 1228 2137 wrm.)
1269 2104 1388 2151 7:1³1*
1428 2105 1545 2137 *twa*
1584 2103 1720 2138 55:1³⁹:
1753 2102 1859 2136 mn*

346 2158 496 2200 π’ἒκᾶ
539 2166 703 2200 n'mtm
747 2170 859 2202 0:⁸1⁴&
890 2170 1020 2209 ῚἾΞΝ,
1063 2162 1088 2201 ἰ.
1113 2176 1149 2202 e.
1181 2164 1281 2202 liber
1310 2164 1387 2202 fuit
1417 2162 1662 2217 singularis,
1712 2162 1750 2200 in
1782 2175 1860 2214 quo

345 2226 547 2278 descripta
578 2233 691 2266 erant
722 2228 826 2266 bella
855 2229 983 2269 Jovae
1015 2235 1175 2282 propter
1217 2231 1388 2270 cultores
1419 2245 1540 2279 suos3
1586 2236 1627 2270 et
1652 2231 1859 2283 probabile

345 2298 427 2339 est,
472 2306 557 2331 eum
591 2296 794 2334 exstitisse
826 2296 916 2334 inde
946 2311 968 2335 a
999 2298 1242 2350 temporibus
1273 2299 1507 2346 Abrnhumi3
1561 2312 1728 2351 namque
1767 2299 1858 2338 libri

344 2361 453 2399 inulti
481 2362 790 2410 interciderunt,
823 2377 948 2416 neque
980 2367 1082 2416 npud
1115 2380 1185 2404 nos
1219 2366 1480 2418 reperiuntur.
1530 2366 1791 2404 Commentar.
1819 2367 1858 2406 in

341 2427 452 2466 Num.
474 2429 592 2476 ΧΧΙ,
623 2430 686 2477 14,
720 2431 756 2468 in
782 2432 922 2470 Bibliis
953 2433 1183 2471 Rabbinicis
1214 2432 1396 2470 Buxtorf.
1427 2437 1456 2470 t.
1479 2434 1516 2479 1,
1549 2432 1578 2472 f.
1607 2433 1708 2479 1733
1739 2434 1857 2473 Salo-

343 2497 468 2534 monis
499 2497 572 2534 ben
604 2498 758 2536 Melech
792 2510 871 2539 *m*
901 2499 1014 2542 33:72
1049 2500 1077 2540 f.
1110 2500 1164 2538 33
1188 2511 1226 2538 v·
1276 2501 1338 2539 Cf.
1364 2501 1499 2540 Woltii
1523 2501 1710 2540 Biblioth.
1736 2501 1855 2541 Hebr.

343 2563 387 2603 P.
411 2564 471 2611 ΙΙ,
506 2577 542 2615 p.
570 2564 652 2601 216
671 2589 720 2593 —
741 2565 836 2604 219.

285 2652 358 2702 33)
390 2654 414 2691 2
435 2653 539 2692 Mos.
566 2655 744 2702 XXXII,
775 2655 821 2701 6,
857 2655 932 2703 18,
967 2657 1031 2696 19.

285 2730 357 2780 34)
388 2732 412 2768 2
436 2734 543 2774 Sum.
572 2734 643 2782 vl,
674 2733 723 2781 5,
760 2734 832 2781 14,
866 2735 930 2774 15.
