1968 3095
222 182 278 221 94
839 180 933 218 Pars
961 180 1013 217 11.
1073 179 1163 229 Cap.
1195 179 1247 216 11.

225 306 352 334 auras
384 290 598 346 prodiere,
626 296 920 330 sustentantur
951 298 1077 345 atque
1106 297 1426 332 conservantur.
1474 288 1635 330 Amore
1658 289 1702 330 in
1727 287 1865 330 Deum

226 370 287 413 nil
321 371 512 416 beatius3
556 369 797 423 quicunque
827 381 879 408 eo
910 376 1132 419 tenentur,
1169 369 1360 423 corporis
1391 366 1658 422 voluptates,
1697 381 1867 409 omnes-

226 465 307 506 que
337 451 380 489 in
412 448 659 489 universum
689 460 759 488 res
788 447 1026 488 mundanas
1056 446 1302 497 fastidiant,
1347 460 1524 488 necesse
1556 454 1634 488 est.
1702 444 1867 487 Verum

227 538 274 569 ut
305 529 472 569 sincero
503 524 578 566 illo
611 535 738 581 atque
768 525 1068 566 ardentissimo
1107 526 1151 565 in
1182 524 1322 566 Deum
1362 538 1508 566 amore
1549 523 1684 565 imbui
1716 525 1868 579 possis,

226 605 526 648 abstinendum
561 604 640 645 tibi
670 603 723 645 ab
754 603 973 645 hominum
1008 617 1233 658 rerumque
1272 603 1552 645 humanarum
1595 604 1866 653 commercio,

226 684 415 727 solitudo
447 683 631 739 petenda
662 683 883 737 omnisque
905 684 992 722 vita
1013 681 1364 736 contemplationi
1390 683 1692 734 consecranda.
1741 679 1869 730 Quod

228 765 264 806 si
296 764 472 814 feceris,
503 762 556 802 ad
583 761 775 801 intimam
808 760 977 801 tandem
1009 775 1105 802 cum
1139 762 1312 802 numine
1345 762 1491 802 divino
1523 761 1869 815 conjunctionem

227 842 475 897 pervenies,
510 841 592 896 qua
623 841 793 881 animus
824 838 1034 879 humanus
1063 837 1117 879 ab
1149 838 1345 880 omnibus
1377 839 1531 890 rebus,
1562 842 1648 881 imo
1680 853 1706 879 a
1733 845 1870 880 semet

228 919 325 974 ipso
355 917 588 968 alienatur,
630 926 672 958 et
702 916 912 958 ineffabili
942 915 1157 972 voluptate
1187 916 1400 959 adficitur.
1460 918 1589 960 Haud
1622 931 1719 958 raro
1747 930 1870 958 amo·
1911 933 1913 935 ·

228 997 289 1036 ris
327 996 460 1037 divini
498 994 696 1051 voluptas
734 995 910 1037 humani
950 997 1107 1037 amoris
1147 997 1334 1052 imagine
1375 1006 1742 1052 repraesentatum
1789 995 1868 1036 tri-

229 1074 416 1115 buuntur
449 1074 544 1116 Deo
585 1074 697 1116 oculi
736 1074 1033 1124 blandientes,
1083 1075 1236 1130 quibus
1270 1075 1464 1116 homines
1495 1077 1547 1116 ad
1580 1076 1647 1116 sui
1678 1087 1868 1114 amorem

229 1152 398 1206 adlicit3
438 1155 624 1195 cincinni
657 1155 767 1209 nigri
801 1155 1077 1209 crispatique,
1110 1153 1263 1209 quibus
1295 1163 1476 1194 mentem
1510 1152 1738 1194 humanam
1771 1165 1869 1208 per-

230 1233 395 1283 turbat3
437 1231 554 1274 labia
583 1232 821 1274 rubicunda
854 1242 895 1274 et
926 1233 1177 1273 suavissime
1205 1233 1465 1287 fragrantia,
1513 1246 1690 1287 quorum
1723 1221 1868 1272 oscula

234 1311 484 1354 dulcissima
521 1321 643 1361 sunt,
686 1320 765 1352 etc.
836 1312 1030 1352 Eundem
1072 1312 1258 1351 numinis
1297 1312 1430 1351 divini
1470 1323 1656 1350 amorem
1698 1317 1742 1350 et
1780 1309 1870 1350 vini

231 1389 468 1431 dulcissimi
497 1390 682 1445 imagine
713 1396 861 1444 poetae
891 1390 1137 1444 depingunt.
1198 1388 1318 1430 Deus
1343 1391 1569 1444 pincernae
1594 1396 1734 1444 partes
1764 1389 1869 1444 agit,

230 1467 427 1508 homines
459 1477 723 1522 potatorum;
776 1469 845 1521 qui
878 1466 1005 1507 simul
1038 1481 1086 1507 ac
1117 1466 1311 1524 poculum
1343 1482 1367 1508 a
1399 1469 1600 1524 pincerna
1630 1454 1869 1507 sibi‘obla-

231 1556 318 1587 tum
362 1545 665 1596 exhauserim,
715 1547 1007 1596 inebriantur,
1062 1547 1121 1585 ita
1162 1547 1358 1600 quidem,
1409 1557 1454 1587 ut
1496 1547 1682 1587 omnium
1724 1528 1867 1585 rerum

231 1625 511 1666 humanarum
547 1624 667 1665 obliti
700 1626 871 1666 nonnisi
909 1623 1084 1666 coelesti
1123 1623 1328 1666 felicitate
1367 1626 1574 1666 fruantur.
1645 1624 1778 1665 Hisce
1810 1639 1865 1665 ex

229 1703 488 1760 imaginibus
520 1706 708 1744 carmina
740 1705 918 1757 mystica
949 1712 1073 1744 enata
1103 1712 1226 1756 sunt,
1279 1705 1330 1744 de
1361 1703 1513 1758 quibus
1543 1703 1746 1754 inferius,
1795 1702 1867 1744 ubi

232 1785 285 1825 de
318 1782 525 1839 allegoria
556 1784 736 1837 mystica
767 1791 938 1836 agetur,
973 1781 1146 1823 uberius
1177 1782 1499 1838 disputabimus.

952 1919 987 1966 ς.
1026 1914 1144 1956 L1v.

347 2017 428 2058 His
459 2017 549 2058 fere
580 2015 738 2057 finibus
768 2017 980 2071 antiquior
1008 2015 1199 2057 Arabum
1232 2018 1374 2072 pofisis
1405 2017 1673 2065 continetur3
1717 2029 1867 2057 recen-

233 2097 353 2138 tioris
386 2096 479 2136 aevi
511 2101 659 2150 poetae
691 2109 774 2135 non
807 2096 859 2135 iis
890 2103 1050 2135 tantum
1082 2097 1382 2151 acquieverunt
1419 2094 1571 2145 rebus,
1618 2108 1725 2150 quae
1762 2098 1865 2149 poe-

236 2178 361 2216 ticam
390 2175 613 2216 admittunt
644 2175 960 2223 tractationem,
1000 2187 1144 2213 verum
1178 2174 1306 2214 etiam
1338 2188 1410 2214 eas
1442 2173 1700 2214 carminibus
1730 2171 1868 2214 inclu-

235 2264 397 2304 serunt,
430 2268 535 2309 quae
561 2253 711 2294 natura
733 2253 810 2294 sua
832 2252 884 2293 ab
910 2253 1023 2292 omni
1055 2252 1174 2306 po'esi
1206 2260 1304 2292 sunt
1325 2250 1628 2293 alienissimae.
1669 2250 1865 2308 Namque

234 2348 289 2374 ex
321 2347 371 2373 eo
404 2343 616 2387 tempore,
648 2346 730 2387 quo
761 2332 1032 2372 scientiarum
1065 2331 1215 2371 studiis
1244 2343 1417 2384 operam
1448 2338 1657 2371 navarunt
1685 2328 1865 2379 Arabes,

236 2422 277 2452 et
309 2418 457 2467 poisstae
489 2412 601 2451 docti
634 2411 794 2461 videri,
841 2421 881 2452 et
912 2412 1023 2452 docti
1054 2415 1273 2464 poetarum
1306 2417 1446 2462 partes
1478 2421 1605 2463 agere
1637 2406 1864 2456 volebant3

236 2505 318 2546 quo
353 2490 508 2530 sactum
540 2498 629 2538 est,
680 2498 723 2529 ut
757 2489 822 2528 vel
855 2489 1196 2530 abstrusissimae
1228 2486 1534 2539 disputationes
1567 2486 1759 2528 versibus
1791 2500 1865 2528 ex-

238 2578 516 2623 ponerentur,
547 2565 830 2622 paulatimque
854 2568 905 2606 ad
934 2581 1057 2606 omne
1085 2567 1354 2606 scientiarum
1387 2579 1521 2620 genus
1552 2571 1727 2620 poeseos
1758 2563 1865 2606 fines

237 2648 580 2688 extenderentur.
649 2645 792 2694 Quare
825 2646 932 2684 inter
964 2644 1152 2685 Arabum
1192 2650 1384 2697 poemata
1424 2646 1718 2694 inveniuntur,
1759 2657 1866 2698 quae

238 2735 371 2765 artem
412 2727 761 2780 grammasscmn,
812 2725 1025 2765 metricam
1067 2724 1356 2777 poeticumque
1398 2724 1605 2770 doceant3
1657 2721 1866 2763 habentur
