1968 3095
183 235 237 273 20
885 234 977 271 Pars
1006 234 1037 269 1.
1100 232 1189 282 Cap.
1222 232 1253 268 1.

183 356 316 399 qnae,
369 342 518 397 priscis
549 341 795 384 auctoribus
833 345 1011 399 ignota,
1060 343 1215 384 seriori
1244 341 1413 383 demum
1445 350 1640 397 tempore
1668 356 1694 384 e
1720 356 1815 384 ser-

183 435 311 463 mone
341 420 553 462 Aramaeo
591 422 635 462 in
667 420 930 464 Hebraicum
969 419 1173 462 translata
1211 420 1290 462 fuit
1324 422 1407 475 ²⁵).
1477 419 1605 462 Haud
1646 421 1817 476 quidem

183 499 471 550 diffitendum,
515 513 713 556 magnam
745 501 1057 542 idiotismorum
1089 497 1260 540 illorum
1295 508 1458 554 partem
1491 499 1544 541 ad
1576 513 1816 541 sermonem

181 578 391 633 poeticum
422 577 689 619 referendam
722 593 841 627 esse3
874 593 926 620 eo
958 587 1097 619 tamen
1131 592 1214 619 non
1246 576 1442 619 obstante
1473 579 1681 620 seriorum
1712 586 1817 618 tem-

181 670 329 712 porum
359 654 561 711 loquendi
588 671 705 707 usus,
737 657 789 697 ad
813 656 1124 698 Aramaeorum
1144 655 1356 697 inclinans
1380 655 1624 707 dialectum,
1657 655 1818 711 ubique

177 735 448 789 conspicitur.
515 734 746 790 Insigniter
776 744 917 776 autem
949 732 1242 787 alucinantur‚
1292 735 1364 790 qui
1397 733 1656 776 Aramae'um
1693 732 1815 775 illum

181 811 388 863 colorem,
421 826 505 868 quo
528 811 630 853 ,Τοῦτ’
658 813 827 853 dicendi
858 826 994 868 genus
1024 812 1228 854 infectum
1260 823 1348 864 est,
1382 814 1645 869 antiquitatis
1673 826 1818 854 remo-

180 893 371 932 tissimae
402 891 608 932 indicium
640 905 734 931 esse
769 892 994 946 opinantur
1026 893 1110 948 26).
1181 893 1349 934 Etenim
1381 901 1597 943 statuunt,
1647 893 1817 934 diversa

177 969 353 1026 linguae
383 970 612 1011 Semiticae
642 970 871 1020 idiomata,
912 969 1199 1023 Hebraiemn,
1242 972 1500 1013 Aramaeum
1542 981 1666 1026 atque
1705 969 1816 1012 Ara-

178 1049 352 1100 bicum,
407 1050 717 1103 antiquissimis
760 1047 1025 1103 temporibus
1063 1049 1176 1091 haud
1209 1049 1314 1090 adeo
1352 1048 1405 1089 ab
1436 1050 1621 1090 invicem
1652 1049 1815 1091 discre-

179 1141 330 1181 passe,
383 1141 507 1182 quam
539 1127 691 1167 seriori
733 1140 864 1176 aevo,
913 1141 996 1182 quo
1035 1126 1205 1182 singula
1244 1125 1319 1166 illa
1359 1127 1565 1168 idiomata
1611 1125 1817 1182 peculiari

175 1207 265 1259 jam
303 1206 429 1246 modo
463 1203 634 1246 exculta
670 1214 798 1259 atque
829 1205 1013 1246 formata
1054 1205 1190 1246 fuere.
1265 1203 1409 1254 Quare
1447 1207 1484 1246 si
1524 1206 1623 1261 quid
1663 1206 1813 1260 priscis

175 1280 263 1322 illis
304 1283 567 1337 temporibus
617 1297 814 1324 sermone
859 1282 1076 1324 Hebraico
1127 1283 1490 1334 conscriberetur,
1544 1285 1718 1338 propius
1756 1283 1810 1324 ad

177 1359 436 1402 Aramaeum
477 1361 793 1416 Arabicumque
833 1361 993 1402 idioma
1032 1362 1235 1403 accedere
1277 1360 1485 1411 debebat,
1536 1375 1662 1417 quam
1701 1375 1811 1417 quae

176 1439 329 1479 seriori
362 1453 468 1480 aevo
500 1439 716 1481 Hebraice
749 1441 1102 1495 consignarentur
1140 1441 1303 1496 ingenii
1340 1441 1616 1481 monimenta.
1685 1438 1810 1482 Unde

174 1513 333 1557 factum
364 1526 450 1566 est,
485 1527 531 1559 ut
562 1527 604 1558 et
632 1518 734 1560 Jobi
758 1517 893 1570 liber,
934 1520 1003 1574 qui
1035 1520 1184 1574 priscis
1213 1517 1300 1559 illis
1331 1517 1592 1573 temporibus
1621 1519 1812 1560 consori-

174 1602 270 1648 ptus
302 1595 406 1646 fuit,
445 1610 529 1638 non
560 1595 695 1638 solum
726 1596 1008 1648 Aramaeum,
1047 1611 1193 1638 verum
1225 1598 1353 1638 etiam
1383 1596 1615 1638 Arabicum
1643 1610 1808 1638 sermo-

174 1686 272 1713 nem
305 1673 530 1716 redoleret.
590 1676 650 1718 At
679 1689 780 1716 vero
812 1690 936 1731 qnam
965 1684 1125 1716 temere
1148 1675 1254 1716 haec
1275 1683 1539 1726 statuantur,
1570 1688 1695 1717 nemo
1719 1689 1804 1716 non

172 1752 300 1792 videt.
370 1751 499 1794 Haud
532 1754 701 1809 quidem
736 1768 972 1810 negamus,
1017 1754 1221 1794 idiomata
1255 1753 1458 1794 Semitica
1496 1754 1806 1808 antiquissimis

170 1830 467 1884 temporibus,
520 1832 672 1887 quibus
712 1847 738 1872 a
778 1833 992 1873 communi
1034 1841 1167 1872 matre
1205 1831 1319 1872 haud
1360 1830 1537 1873 multum
1577 1831 1806 1883 distabant,

170 1910 342 1962 propius
383 1910 435 1949 ad
474 1923 520 1949 se
561 1910 742 1949 invicem
785 1910 1043 1955 accessisse3
1097 1919 1139 1948 at
1178 1923 1280 1949 vero
1324 1910 1647 1964 propinquitatis
1687 1907 1804 1951 illius

167 1983 332 2025 nullum
363 1986 416 2026 ad
448 1996 594 2026 nostra
627 1998 817 2040 tempora
848 1989 1067 2040 superavit
1098 1989 1427 2035 monimentum
1461 1989 1682 2043 omnisque
1711 2002 1804 2030 ser-

167 2065 306 2104 monis
347 2063 550 2104 Hebraici
586 2064 638 2104 ad
679 2064 937 2105 Aramaeum
979 2063 1232 2112 inclinatio,
1288 2067 1413 2106 sicuti
1454 2066 1633 2106 eundem
1673 2067 1802 2108 refert

168 2139 381 2190 colorem,
422 2143 479 2181 ina
510 2143 637 2182 etiam
670 2143 722 2183 ad
754 2143 902 2184 eadem
935 2151 1147 2198 tempora,
1191 2146 1427 2186 recentiora
1457 2143 1644 2196 scilicet,
1687 2144 1800 2186 refe-

167 2221 314 2264 reuda.

221 2411 294 2464 25)
325 2412 506 2466 Longum
542 2419 673 2461 esset,
705 2416 884 2466 exempla
917 2416 953 2453 in
986 2417 1151 2454 medium
1184 2415 1386 2467 proferr03
1425 2416 1529 2469 quod
1561 2417 1595 2454 si
1627 2417 1714 2469 quis
1746 2430 1795 2456 eu
1830 2413 1834 2419 ‘

275 2480 489 2526 desideret,
520 2482 639 2519 adeat
662 2484 822 2520 Gesenii
851 2484 999 2521 Histor.
1023 2485 1184 2536 linguae
1208 2488 1247 2521 et
1270 2485 1492 2536 scripturae
1518 2484 1635 2523 Hebr.
1665 2499 1702 2536 p.
1724 2484 1792 2532 34,

276 2546 352 2595 353
384 2561 456 2586 nec
488 2563 561 2586 non
587 2550 827 2587 Bernstcinii
852 2552 1067 2590 comment.
1090 2552 1137 2589 de
1163 2552 1425 2603 antiquitate,
1456 2557 1688 2606 argumento
1714 2557 1792 2590 etc.

272 2615 388 2661 Jobi,
423 2616 460 2654 in
493 2617 616 2654 Keilii
649 2618 990 2669 'l'zschirneriquc
1022 2619 1249 2664 Anulectis,
1285 2621 1329 2658 P.
1353 2622 1418 2665 ΙΙΙ,
1448 2635 1484 2671 p.
1504 2619 1632 2658 49-
1652 2618 1721 2657 79.

217 2700 291 2752 26)
322 2700 553 2753 opinionem
586 2706 690 2745 illum
723 2711 855 2744 tuetur
882 2708 1139 2745 Bertholdtus
1172 2708 1209 2744 in
1244 2709 1390 2747 tntrod.
1424 2709 1460 2746 in
1494 2709 1578 2747 Vet.
1610 2708 1788 2760 Novique

269 2770 449 2811 'reatu-n.
481 2774 628 2820 libros,
661 2774 706 2811 P.
732 2774 776 2819 V,
806 2789 842 2824 p.
869 2774 995 2821 2077,
1028 2774 1153 2814 2078.
