1968 3095
188 201 270 238 226
798 198 892 234 Pars
920 196 985 235 1V.
1047 198 1138 246 Cap.
1177 197 1208 234 1.

188 309 458 365 praecipuam
496 305 750 361 elegantiam
783 305 1043 347 desiderabit
1073 315 1115 347 et
1147 305 1425 356 suavitatem,
1465 304 1540 346 sed
1576 318 1629 346 ne
1661 318 1816 348 nomen

168 388 356 445 ‚quidem
387 384 621 437 obtinebit,
652 387 852 426 nimirum
884 393 929 424 ut
960 385 1016 424 sit
1049 384 1236 424 numeris
1266 383 1491 432 adstricta,
1519 392 1655 440 atque
1675 383 1818 440 aliquo

187 476 352 509 constet
377 474 605 506 metrorum
635 476 814 517 genere3
845 476 974 518 quare
1007 471 1048 502 et
1073 461 1372 502 Hebraeorum
1406 467 1600 516 poemata
1628 464 1817 505 numeris

185 546 384 586 adstricta
416 552 640 598 metroque
673 543 868 596 quopiam
902 541 1138 594 composita
1171 541 1279 588 sint,
1321 554 1495 581 necesse
1525 549 1612 588 est3
1650 541 1696 594 2)
1726 550 1819 582 erat

184 623 296 678 apud
328 621 553 662 Hebraeos
593 628 710 661 vates
743 622 784 662 in
829 635 907 660 usu
940 620 1138 659 carminis
1170 619 1381 673 quoddam
1422 633 1581 674 genus,
1628 633 1716 674 quo-
1747 629 1817 661 res

185 710 257 741 aut
285 701 547 750 sententias,
577 698 839 753 aliquantum
871 699 1122 752 dissipatas,
1155 698 1214 737 ita
1243 698 1552 750 exprimerent,
1584 706 1629 737 ut
1660 695 1818 753 singuli

188 778 253 820 vel
287 792 456 829 versus,
491 774 555 818 vel
588 777 787 831 strophae
817 776 951 816 literis
989 773 1245 829 primoribus
1284 773 1499 828 alphabeti
1529 775 1720 816 ordinem
1753 788 1818 816 reo

185 865 520 912 praesentarent.
603 856 686 896 Hic
730 857 868 909 itaque
911 853 1119 907 prodeunt
1160 851 1360 893 versiculi
1399 854 1525 893 certis
1565 852 1817 908 quibusdum

183 938 297 976 notis
327 937 507 989 signati,
551 936 723 988 suisque
763 932 971 972 limitibus
1010 932 1342 984 circumscripti3
1385 931 1494 985 quod
1535 931 1578 971 in
1616 929 1818 972 membris

184 1022 345 1054 tantum
377 1013 582 1053 orationis
613 1014 786 1052 omnino
819 1009 983 1050 solutae
1023 1008 1117 1049 fieri
1161 1021 1342 1062 unquam
1373 1009 1560 1063 potuisse
1599 1007 1724 1064 plane
1755 1011 1817 1050 in-

185 1090 389 1132 credibile
420 1100 506 1138 est3
549 1092 592 1143 3)
632 1091 684 1130 iis
725 1088 993 1129 solumunodo
1025 1085 1326 1141 scriptoribus,
1370 1088 1442 1141 qui
1483 1087 1598 1127 certa
1637 1086 1816 1142 quadam

184 1180 455 1210 munet-orum
503 1183 552 1208 ac
597 1168 747 1222 pedum
791 1168 1083 1206 moderatione
1131 1173 1229 1206 sunt
1281 1165 1494 1214 adstricti,
1542 1179 1593 1205 ea
1644 1163 1818 1206 licentia

186 1248 459 1297 conceditur,
491 1256 534 1287 ut
572 1245 746 1287 vocibus
787 1255 957 1286 utantur
997 1259 1021 1284 a
1052 1244 1267 1284 communi
1300 1241 1499 1296 loquendi
1531 1257 1608 1282 usu
1641 1256 1690 1283 ac
1721 1242 1816 1298 lege

185 1325 523 1374 discedentibus,
577 1334 700 1379 atque
741 1338 812 1362 eas
856 1335 1157 1375 nonnunquam
1202 1320 1265 1360 vel
1318 1321 1516 1361 detractis
1564 1321 1815 1374 quibusdam

184 1402 361 1457 syllabis
393 1404 652 1453 diminuant,
695 1400 761 1441 vel
792 1402 970 1453 adjectis
1005 1408 1202 1453 augeant.
1270 1396 1348 1437 Illa
1392 1411 1491 1438 vero
1523 1398 1696 1440 licentia
1725 1398 1818 1440 He-

187 1482 413 1522 braeorum
444 1485 593 1535 poetae
625 1478 840 1519 liberrime
873 1487 1067 1525 utuntur,
1100 1478 1170 1530 qui
1201 1490 1294 1516 cum
1328 1474 1508 1529 glossis,
1542 1485 1629 1517 tum
1663 1490 1814 1520 vocum

185 1557 437 1608 anomaliis,
485 1559 670 1597 maxime
703 1565 841 1596 autem
875 1555 1095 1608 particulis
1122 1554 1371 1609 quibusdam
1404 1555 1585 1595 orationi
1616 1556 1815 1595 metricae

186 1638 390 1690 propriis,
423 1645 462 1676 et
494 1638 535 1675 in
569 1634 654 1675 fine
687 1649 835 1675 vocum
864 1634 1094 1673 identidem
1128 1633 1306 1681 additis,
1338 1631 1492 1685 stylum
1515 1632 1813 1683 distinxerunt,

184 1724 225 1753 et
257 1713 482 1755 dialectum
514 1714 723 1768 quandam
759 1713 962 1767 poeticam
995 1709 1077 1751 sibi
1119 1709 1444 1751 confecerunt.“

867 1848 904 1896 §-
945 1843 1135 1886 cxxn.

299 1948 426 1988 [lisce
459 1950 633 1988 innixus
665 1945 900 1987 rationibus
933 1945 1156 1985 Lowrlce'ns
1185 1946 1288 1984 satis
1320 1951 1409 1984 tuto
1439 1943 1653 1985 adfirmari
1686 1961 1813 2001 posse

181 2026 399 2078 opinatur,
444 2027 590 2080 po'esin
625 2024 881 2064 Hebraicam
925 2024 1137 2062 metricam
1172 2035 1279 2062 esse.
1339 2021 1395 2062 At
1426 2035 1526 2062 vero
1557 2022 1669 2064 haud
1702 2023 1813 2066 diffi-

181 2101 259 2142 cile
295 2103 484 2153 videtur,
521 2112 771 2143 memoratas
806 2102 880 2140 viri
916 2100 1147 2140 doctissimi
1171 2100 1404 2155 infringere
1427 2101 1627 2142 rationes.
1660 2099 1812 2143 ¹Nam-

180 2195 259 2234 que
291 2183 398 2233 quod
433 2183 568 2235 primo
601 2181 891 2227 contenditur,
934 2193 1100 2218 omnem
1141 2179 1288 2232 poesin
1323 2180 1562 2218 necessario
1594 2183 1810 2222 metricam

180 2271 273 2296 esse
305 2259 486 2308 debere,
521 2260 589 2298 vix
624 2258 936 2297 concedendum
972 2270 1065 2295 esse
1092 2258 1268 2296 videtur.
1325 2255 1472 2311 Neque
1498 2258 1608 2296 enim
1634 2263 1810 2310 poeseos

182 2346 332 2375 natura
368 2339 408 2375 in
442 2337 618 2376 externa
649 2334 901 2375 elocutionis
937 2334 1098 2382 forma,
1144 2348 1288 2374 verum
1319 2337 1359 2374 in
1396 2337 1561 2374 interno
1593 2349 1808 2387 sensuum,

179 2414 404 2453 all'ectuunt
447 2416 734 2467 orationisque
777 2416 921 2467 vigore
962 2414 1227 2466 conspicitur.
1299 2412 1499 2461 Accedit,
1544 2413 1652 2467 quod
1698 2411 1809 2453 haud

179 2506 309 2544 pauca
341 2493 611 2531 inveniantur
643 2497 859 2545 poetarum
904 2492 1083 2544 scripta,
1126 2504 1255 2543 quae,
1296 2492 1373 2539 etsi
1407 2491 1522 2530 omni
1566 2499 1698 2529 metro
1738 2490 1809 2530 de-

177 2571 321 2608 stituta
353 2571 458 2618 sint,
503 2568 611 2607 baud
645 2569 862 2621 quisquam
899 2574 1136 2621 poi³tnaunu
1178 2581 1200 2606 e
1233 2582 1408 2607 numero
1446 2567 1805 2607 exterminaverit.

179 2646 370 2686 Profecto
421 2646 651 2686 l<‘enelom·s
700 2644 992 2685 Telemachum.
1040 2645 1329 2701 Gen-uerique
1378 2646 1561 2698 idyllia,
1613 2644 1805 2698 quamvis

176 2725 366 2761 ‹mi-atione
397 2724 536 2763 solut&
568 2724 801 2776 composita
832 2725 939 2771 siut,
973 2737 1096 2762 nemo
1129 2737 1212 2762 non
1247 2724 1286 2763 in
1319 2729 1556 2776 poematum
1582 2734 1802 2763 numerum
