1968 3095
213 196 268 235 48
897 199 990 236 Pars
1019 199 1051 236 1.
1113 201 1204 249 Cap.
1233 200 1286 241 ΙΙ,

214 319 361 347 aurem
403 305 663 361 praebeant,
714 319 952 362 gravesque
993 306 1081 349 illis
1121 323 1285 365 poenas
1326 309 1538 362 minatur,
1593 311 1668 366 qui
1709 310 1856 358 diviua

215 382 389 425 oracula
430 383 749 426 narrationibus
786 383 874 426 illis
913 385 1217 441 posthaberent
1249 388 1330 442 ⁴⁹).
1414 385 1564 442 Neque
1606 396 1747 430 tamen
1785 388 1855 431 vel

214 465 358 519 magni
389 461 505 504 illius
536 463 765 520 prophetae
797 466 1028 506 auctoritas
1059 480 1313 521 propensum
1345 465 1491 521 populi
1521 468 1588 507 sui
1613 468 1655 508 in
1679 466 1852 511 fabulas

216 544 405 582 animum
444 544 616 582 vincere
656 530 806 597 potuit.
890 541 1084 599 Namque
1126 554 1167 585 et
1208 554 1304 599 post
1343 543 1716 599 Moleammedem,
1766 546 1855 587 imo

214 622 343 661 etiam
375 622 531 667 nostris
563 635 730 677 quoque
762 621 1051 677 temporibus,
1095 621 1287 673 Arabes,
1326 631 1368 663 et
1398 623 1594 674 urbium,
1638 632 1692 664 et·
1710 623 1858 664 deser-

214 707 353 740 torum
385 697 577 751 incolae,
609 701 648 741 si
675 701 759 755 qua
789 698 875 742 alia
900 715 971 753 re,
1004 711 1117 742 certe
1148 701 1361 756 ejusmodi
1392 700 1710 744 narrationibus
1740 699 1858 742 dele-

215 787 380 819 ctantur
415 778 500 831 ⁵0).

894 896 897 899 -
927 884 966 933 §-
1012 880 1141 923 XXI.

328 980 394 1022 Ad
427 982 698 1024 excitandam
731 991 857 1038 atque
887 983 1218 1038 promovendam
1255 983 1366 1023 inter
1395 981 1562 1025 Arabes
1598 983 1747 1039 poesin
1779 982 1850 1024 de-

214 1062 342 1116 nique
370 1068 414 1100 et
435 1057 762 1102 celebratissimi
789 1060 853 1101 illi
880 1072 1138 1111 conventus,
1171 1062 1240 1115 qui
1269 1059 1440 1102 Okadhi
1460 1059 1600 1103 locum
1614 1061 1854 1112 habebant,

213 1151 327 1192 haud
377 1163 527 1205 parum
578 1148 810 1191 contulisse
853 1151 1065 1192 videntur.
1148 1150 1247 1191 Fuit
1286 1157 1427 1191 autem
1475 1149 1650 1203 okadlt,
1700 1139 1854 1199 -ῐὸὶ-(ε,

213 1228 334 1270 locus
364 1230 408 1270 in
441 1228 598 1269 vicinia
628 1227 836 1279 ffstccae,
869 1243 951 1284 quo
983 1229 1210 1284 quotannis
1243 1226 1409 1269 Arabes
1439 1230 1706 1270 exercendae
1738 1242 1853 1270 mer-

213 1320 385 1351 caturae
422 1309 551 1348 causa
593 1306 808 1348 confluere
843 1305 1054 1348 solebant.
1122 1304 1273 1361 Neque
1304 1315 1444 1347 tamen
1477 1306 1556 1349 soli
1589 1315 1854 1348 mercaturae

218 1386 388 1436 Okadlnj
422 1385 725 1427 incumbebant
755 1384 945 1436 Arabes,
998 1385 1098 1440 quin
1139 1386 1267 1426 etiam
1299 1384 1523 1426 audiendis
1553 1386 1692 1440 poetis
1726 1399 1852 1426 vaca-

212 1467 340 1516 bant,
386 1466 467 1521 qui.
488 1465 531 1504 in
563 1462 639 1504 illo
680 1462 946 1518 popularium
985 1475 1158 1504 suorum
1204 1462 1404 1504 confluxu
1444 1461 1706 1504 carminibus
1744 1465 1851 1504 reci-

212 1547 352 1586 tandis
387 1542 701 1584 concertabant.
770 1540 953 1591 Ferunt,
995 1542 1183 1582 carmina
1212 1540 1311 1592 illa,
1356 1541 1510 1597 quibus
1541 1543 1584 1582 in
1617 1543 1852 1583 certamine

213 1624 296 1665 hoc
327 1625 488 1679 primae
521 1630 662 1677 partes
692 1618 858 1661 delatae
889 1621 1094 1670 fuissent,
1145 1622 1287 1661 aureis
1318 1618 1453 1661 literis
1487 1619 1615 1684 bysso
1646 1621 1852 1675 inscripta

213 1703 266 1744 ad
301 1702 514 1743 notissimi
541 1698 658 1741 illius
688 1699 946 1749 sanctuarii,
979 1699 1046 1739 cui
1082 1684 1260 1740 Caabali
1289 1712 1470 1748 nomen,
1501 1698 1616 1739 fores
1646 1712 1854 1754 suspensa

213 1782 374 1827 suisse3
417 1778 528 1820 unde
560 1777 819 1818 carminibus
857 1776 976 1818 hisce
1016 1789 1338 1831 suspensorum,
1379 1776 1651 1826 Moallakat,
1695 1789 1853 1818 aureo-

212 1871 403 1912 rumque,
434 1854 775 1905 Modsalclmbat,
816 1869 970 1896 nomen
1001 1856 1198 1897 inditum.
1260 1855 1382 1904 Quae
1413 1856 1625 1895 sententia
1656 1855 1849 1910 quamvis

214 1936 558 1976 doctissimorum
591 1935 781 1973 virorum
821 1933 1038 1987 suffragiis
1070 1934 1412 1982 commendetur,
1456 1943 1596 1973 tamen
1630 1932 1741 1973 haud
1773 1933 1850 1973 im-

215 2014 366 2052 merito
408 2012 554 2052 nostra
595 2019 734 2050 aetate
774 2011 817 2050 in
860 2009 1032 2051 dubium
1077 2020 1256 2060 vocata,
1306 2012 1391 2051 imo
1431 2010 1612 2051 refutata
1651 2010 1732 2050 suit
1765 2011 1849 2064 ⁵¹).

213 2088 391 2130 Constat
420 2090 557 2141 enim,
590 2086 790 2129 solennes
821 2088 918 2129 illos
946 2087 1116 2130 Okadln·
1137 2103 1236 2129 coni
1249 2099 1371 2130 entus
1393 2099 1490 2130 ante
1510 2072 1851 2130 Mohammede'm

214 2167 451 2210 celebratos
475 2167 631 2216 fuisse,
664 2180 746 2221 quo
776 2176 963 2222 tempore
994 2166 1208 2208 scribendi
1230 2181 1308 2208 ars
1331 2166 1570 2217 Arabibus,
1604 2165 1850 2208 Hedschazi

267 2350 340 2402 49)
372 2350 568 2389 Alkorani
599 2351 703 2388 Sura
735 2349 886 2395 xxm,
920 2362 955 2388 v.
977 2347 1045 2396 68,
1077 2348 1153 2398 693
1197 2350 1354 2397 ΧΧΧΙ,
1385 2349 1426 2397 6,
1458 2348 1498 2397 7,
1531 2362 1579 2387 ex
1613 2347 1709 2386 edit.
1739 2346 1846 2386 Mar-

325 2431 464 2456 raccn.

271 2495 346 2548 50)
386 2497 445 2534 De
477 2496 583 2545 Sacy
615 2496 830 2533 Comment.
873 2496 920 2532 dc
960 2494 1193 2532 literaturae
1236 2494 1354 2532 Arab.
1396 2493 1555 2546 origine
1596 2497 1636 2530 et
1675 2492 1848 2544 antiquis

328 2564 608 2608 monumentis,
652 2577 686 2613 p.
717 2560 811 2599 369.
882 2562 1071 2611 'l'ychsen
1111 2562 1159 2598 dc
1208 2567 1375 2612 po'e‘seos
1407 2560 1572 2598 Arabum
1613 2559 1770 2611 origine
1810 2564 1851 2598 et

328 2632 459 2670 indole
487 2630 696 2682 antiquiss.
732 2644 766 2679 p.
789 2628 884 2666 275.
916 2629 1118 2667 Niebuhr-ii
1148 2620 1365 2679 descriptio
1393 2626 1577 2673 Arabiae,
1608 2640 1646 2678 p.
1670 2626 1764 2665 107.

271 2708 344 2758 51)
376 2708 717 2762 chgstenbergii
745 2708 1024 2759 prolegomena
1050 2707 1086 2742 in
1106 2707 1345 2745 Amruikaisi
1371 2706 1627 2751 Moullakam,
1652 2703 1850 2756 paz-4.
