1979 3073
430 212 485 249 De
514 211 666 248 externa
703 212 907 248 carminum
941 211 1204 247 Hebraicorum
1231 210 1369 257 sormd.
1628 212 1710 250 223

91 319 239 361 eadem
270 317 468 360 absoluta
497 333 616 370 esse,
657 332 742 360 non
771 320 943 360 relata:
984 318 1064 359 hoc
1103 323 1193 370 est,
1233 332 1344 373 quae
1372 316 1582 359 similibus
1614 332 1705 359 ver-

92 397 234 449 sibus,
263 397 352 438 sibi
375 400 482 451 pari
508 409 683 437 numero
713 411 766 438 ac
794 401 909 438 serie
938 395 1295 451 respondentibus
1327 400 1509 438 careant
1538 400 1646 445 ¹⁰²).

775 521 812 569 §-
856 516 1019 557 cxlx.

203 606 389 647 Gomara
421 604 531 646 haud
564 604 728 645 felicior
760 607 803 645 in
837 605 1100 660 expedienda
1130 604 1425 645 Hebraeorum
1459 619 1503 645 re
1533 606 1709 646 metrica

86 682 351 727 Franclscus
377 684 568 731 Harz‘us,
598 684 819 736 episcopus
845 680 1134 723 Cicestrensis.
1184 681 1304 729 Quae
1327 682 1496 722 Hare'ns
1524 684 1564 721 in
1598 682 1709 723 libro

79 762 340 818 psalmorum
379 765 424 801 in
456 760 690 801 versiculos
719 763 899 801 metrice
941 761 1079 801 diviso
1125 765 1168 800 et
1209 763 1469 813 integritate·
1506 773 1610 799 suae
1639 774 1709 800 re-

84 843 265 885 stituto,
307 837 432 876 tradit
464 846 681 890 praecepta
712 839 886 877 metrica
917 839 1022 877 adeo
1054 838 1167 877 omni
1203 835 1408 890 probabili
1440 838 1602 876 ratione
1634 838 1708 876 de-

83 917 229 956 stituta
259 922 382 964 sunt,
425 923 468 952 ut
501 915 569 952 vix
603 915 731 968 digna
757 916 1000 964 videantur,
1041 929 1144 968 quae
1176 912 1435 954 refellantur.
1497 913 1704 964 Sufficiet,

83 1007 206 1032 unam
239 990 467 1030 alteramve
500 989 639 1044 legum
674 993 965 1041 metricat-um,
1010 1007 1111 1046 quas
1142 991 1311 1031 Harcus
1341 993 1504 1038 statuit,
1545 993 1586 1031 iu
1621 1006 1708 1031 me-

84 1068 197 1107 dium
232 1067 480 1121 protulisse,
513 1083 686 1122 quarum
715 1084 767 1108 ex
798 1068 938 1109 indole
964 1069 1088 1109 facile
1110 1070 1246 1108 omnis
1269 1070 1465 1107 metricae
1489 1068 1704 1109 Harianae

85 1156 275 1185 naturam
309 1147 549 1199 perspicias.
616 1146 820 1198 Praecipit
849 1147 974 1199 igitur
1007 1147 1141 1199 primo
1173 1145 1364 1193 Ηιινίυε,
1404 1149 1448 1184 in
1477 1146 1704 1186 Hebraeo-

85 1236 177 1262 rum
200 1226 329 1276 poe‘sc‘
350 1237 488 1262 omnes
508 1223 645 1277 pedes
667 1223 919 1276 dis-syllabas
948 1237 1064 1275 esse;
1093 1225 1132 1276 2)
1158 1226 1420 1276 quantitatis
1442 1212 1701 1273 syllabarum

84 1301 245 1340 nullam
286 1305 496 1340 rationem
537 1300 714 1353 lutheri,-
769 1303 809 1352 3)
851 1300 927 1340 uhi
958 1315 1045 1355 par
1091 1305 1149 1340 sit
1189 1299 1447 1352 syllabarum
1488 1311 1703 1348 muneras,

83 1391 231 1419 versus·
262 1377 491 1417 censendos
524 1392 614 1417 esse
636 1377 871 1429 jambz'cos,
916 1377 1203 1431 syllabaquce
1234 1377 1485 1425 secundam,
1528 1381 1574 1415 nt
1606 1375 1705 1429 rhy-

85 1454 222 1495 thmus
253 1461 473 1504 servetur,
515 1454 747 1495 acuendam
781 1466 857 1495 etc.
918 1453 1032 1502 Quas
1071 1453 1188 1508 leges
1224 1456 1258 1494 si
1302 1455 1394 1508 quis
1425 1455 1704 1506 perpenderit,

86 1542 258 1586 quaerat
282 1545 453 1571 necesse
473 1540 550 1580 est,
584 1531 734 1584 quibus
756 1535 1014 1586 argumentis
1038 1534 1174 1571 evinci
1201 1534 1353 1585 possit,
1387 1545 1532 1570 omnes
1550 1533 1591 1570 in
1614 1530 1704 1571 He-

84 1609 307 1650 braeorum
333 1609 449 1662 poe‘si
474 1609 598 1661 pedes
622 1607 874 1660 dissyllabos
907 1624 1022 1660 esse,
1054 1623 1146 1648 cum
1176 1618 1312 1647 tamen
1339 1621 1418 1645 non
1444 1607 1702 1648 Graecorum

84 1696 244 1726 tantum
277 1685 667 1738 Romanorumque,
713 1700 854 1725 verum
895 1688 1021 1725 etiam
1059 1685 1245 1724 Arabum
1284 1686 1490 1733 carmina,
1533 1695 1703 1738 praeter

84 1762 338 1816 dissyllabos
370 1773 410 1802 et
442 1764 564 1821 trium
598 1777 674 1802 nec
706 1777 787 1802 noa
817 1773 993 1817 quatuor
1018 1760 1273 1814 syllabarum
1301 1762 1428 1814 pedes
1452 1762 1700 1803 admittant}

85 1840 271 1889 Quaerat
303 1854 452 1893 porro,
497 1854 578 1894 quo
615 1850 735 1894 pacto
777 1841 828 1880 de
862 1839 1053 1879 versibus
1093 1837 1317 1878 trochaicis
1345 1838 1626 1893 jambicisque
1657 1842 1701 1880 in

82 1918 377 1958 Hebraeorum
419 1917 678 1956 carminibus
721 1931 860 1956 sermo
901 1930 993 1955 esse
1034 1917 1188 1969 possit,
1229 1917 1264 1955 si
1308 1914 1422 1954 nulla
1459 1918 1702 1969 quantitatis

80 1993 334 2048 syllabarum
368 1995 474 2033 ratio
509 1993 700 2033 habenda
731 1994 811 2033 sit?
871 1992 1020 2046 Neque
1051 1991 1207 2046 liquet,
1248 2006 1371 2046 quam
1403 2003 1572 2046 propter
1603 2007 1700 2033 cau-

80 2086 169 2112 sam
211 2086 355 2110 versus
396 2071 480 2119 illi,
532 2073 573 2110 iu
613 2071 762 2125 quibus
810 2085 885 2124 par
923 2069 1179 2122 syllabarum
1221 2083 1444 2118 numerus,
1499 2069 1701 2110 trochaici

80 2150 302 2199 censendi,
335 2158 480 2187 contra
510 2147 595 2196 illi,
629 2162 803 2201 quorum
835 2149 1017 2201 impares
1051 2160 1225 2186 numero
1256 2145 1469 2199 syllabae,
1498 2146 1697 2199 jambicis

81 2226 383 2266 adnumerandi
415 2228 512 2264 sint.
570 2223 636 2264 An
670 2239 723 2265 ex
756 2227 903 2264 natura
934 2224 1080 2264 versus
1106 2223 1308 2264 trochaici
1335 2223 1593 2277 jambicique
1624 2221 1697 2263 lex

79 2302 154 2343 illa
196 2303 348 2356 petita'l
409 2302 609 2350 Minime3
657 2312 800 2341 contra
841 2300 1097 2341 Graecorum
1140 2299 1509 2354 Romanorumque
1550 2314 1695 2340 versus

79 2379 284 2420 trochaici
333 2378 562 2420 catalectici
611 2389 739 2429 sunt,
787 2381 973 2433 adeoque
1021 2379 1170 2432 impari
1209 2376 1468 2430 syllabarum
1520 2390 1694 2416 numero

138 2579 236 2629 102)
267 2578 435 2617 Uberius
459 2578 617 2616 Gomari
648 2583 862 2630 praecepta
893 2578 1056 2616 metrica
1085 2576 1273 2615 refutavit
1294 2575 1521 2613 Ludovicus
1546 2574 1690 2624 Capel-

191 2646 251 2683 lus
283 2646 320 2682 in
346 2645 748 2683 animadversionibus
780 2647 829 2684 ad
856 2658 993 2682 novam
1017 2644 1181 2681 Davidis
1211 2644 1355 2691 lyram3
1385 2653 1486 2691 quae
1516 2641 1554 2677 iu
1585 2641 1690 2690 ejus-

189 2712 274 2750 dem
307 2711 482 2749 auctoris
503 2711 655 2766 critica.
681 2713 798 2749 sacra
828 2712 1018 2750 habentur
1045 2724 1082 2759 p.
1101 2706 1356 2746 651—666.
