1958 2947
524 148 578 185 De
609 149 752 196 oriqine
782 155 814 186 et
845 149 965 185 causis
989 151 1136 197 poeseos
1168 149 1382 187 Hebraicae.
1708 150 1761 188 29

139 259 384 313 tiescunque
422 257 464 297 in
495 256 646 297 itinere
687 272 762 312 per
800 258 1012 299 desertum
1052 255 1282 299 Arabicum
1313 272 1410 300 arca
1441 257 1626 299 foederis
1659 273 1758 314 pro-

137 345 253 377 mota
280 336 432 387 fuerit,
463 335 631 377 Mos-em
660 335 765 376 haec
797 335 927 375 verba
958 336 1274 390 pronuntiasse:

196 408 205 414 ’
642 421 763 470 *pam
795 425 919 457 72:³²7
951 423 1054 456 ,⁵an⁵
1085 424 1202 470 nm?

701 500 851 549 ²7³³³⁷³
894 500 1056 548 Tenum
1098 505 1206 536 70:³7

407 572 629 627 Exsurge,
660 572 788 614 Jova-!
830 581 874 613 ut
904 572 1161 626 dissipentur
1192 572 1353 613 inimici
1385 573 1468 621 tui3

403 649 669 706 Fugiantque
708 665 854 693 osores
889 652 950 692 tui
980 665 1004 691 a
1034 651 1145 692 facie
1173 659 1267 698 tua3

130 731 387 774 subsistente
425 738 565 770 autem
608 728 708 770 arca
745 730 907 770 dixisse
930 746 958 771 :a
983 732 1128 776 bet-nv*
1175 730 1280 774 ³25&
1319 738 1461 773 mna-¹
1504 737 1608 771 mn*
1639 739 1753 774 ΤΒ-ιω

131 814 160 854 i.
193 826 230 852 e.
262 818 501 858 revertere,
540 808 669 848 Jova!
713 808 765 848 ad
798 810 1010 862 myriades
1041 807 1225 851 Israelis.
1294 807 1414 857 Quae
1445 806 1575 847 verba
1605 809 1696 848 sive
1727 823 1753 849 a

129 889 257 931 Mose
285 890 376 941 ipso
409 886 566 927 fuerint
595 885 806 941 profecta,
846 888 938 927 sive
968 902 1022 928 ex
1057 886 1214 928 Psalmi
1244 884 1441 928 LXVIII
1471 898 1596 925 versu
1621 890 1646 926 2
1678 900 1753 940 pe-

128 968 205 1007 tita
235 965 436 1020 Mosique
465 965 648 1015 tributa,
689 973 870 1020 arguunt
901 973 1066 1017 tamen,
1103 966 1194 1018 jam
1225 973 1320 1004 ante
1352 963 1543 1005 Davidis
1571 973 1751 1005 aetatem

128 1045 316 1085 carmina
344 1045 387 1082 in
418 1044 601 1084 foederis
632 1041 905 1083 tabernaculo
939 1044 1233 1096 pronuntiata,
1269 1041 1334 1082 vel
1360 1043 1500 1096 potius
1529 1042 1752 1082 decantata

127 1123 275 1165 fuisse.
312 1161 318 1163 ,
346 1119 404 1162 Ut
444 1122 624 1176 primum
664 1129 806 1160 autem
844 1128 992 1160 cantus
1026 1122 1297 1176 musicusque
1332 1119 1451 1160 lusus
1483 1120 1534 1159 ad
1567 1122 1751 1162 numinis

127 1201 259 1243 divini
286 1197 443 1240 cultum
473 1197 671 1253 applicati
700 1197 846 1248 fuere,
878 1203 1026 1250 poetae
1057 1197 1168 1238 haud
1198 1207 1393 1253 poterant
1423 1198 1593 1246 deesse3
1625 1214 1750 1253 quam

125 1279 386 1336 provinciam
426 1276 668 1317 sacerdotes
709 1277 895 1316 maxime
940 1284 1066 1331 atque
1105 1276 1282 1317 Levitae
1328 1275 1413 1317 sibi
1453 1276 1748 1325 vindicabant;

125 1360 276 1414 quippe
307 1355 458 1411 quibus
488 1363 530 1396 et
558 1368 698 1395 rerum
730 1367 945 1394 sacrarum
976 1368 1077 1396 cura
1105 1355 1379 1405 demandata,
1411 1363 1453 1395 et
1474 1356 1748 1396 scientiarum

123 1438 358 1491 artiumque
391 1432 554 1475 cultura
584 1433 811 1474 commissa
841 1441 944 1474 erat.

827 1570 866 1618 ς.
912 1566 1038 1609 xm.

230 1669 481 1712 Memoratis
522 1668 726 1709 hactenus
769 1673 949 1723 poeseos
984 1668 1224 1710 Hebraicae
1255 1672 1395 1711 causis
1427 1670 1533 1710 adde
1565 1670 1746 1725 denique

121 1758 162 1791 et
183 1748 370 1790 culturae
397 1748 584 1796 semina,
615 1760 720 1802 quae
750 1755 836 1787 tum
868 1745 1088 1796 civilibus,
1125 1757 1211 1789 tum
1244 1750 1380 1790 sacris
1404 1748 1742 1789 institutionibus

118 1839 297 1880 magnus
334 1824 407 1866 ille
438 1825 735 1866 Hebraeorum
775 1823 993 1879 legislator
1031 1829 1143 1867 inter
1178 1826 1406 1881 populares
1437 1841 1536 1867 suos
1567 1828 1738 1881 sparsit.

120 1903 331 1953 Quamdiu
358 1905 495 1944 omnis
528 1903 717 1944 culturae
748 1911 959 1957 expertes,
992 1912 1032 1944 et
1062 1907 1232 1946 nonnisi
1262 1906 1478 1945 venationi
1508 1903 1575 1945 vel
1597 1908 1740 1960 pecori

115 1983 325 2037 pascendo
367 1983 518 2023 intenti
561 1980 706 2040 populi
748 1982 930 2037 degunt,
984 1985 1121 2024 omnis
1161 1998 1307 2025 eorum
1345 1998 1470 2035 cura,
1517 1986 1739 2039 omnisque

113 2059 236 2117 labor
263 2061 317 2101 ‘ad
349 2063 535 2116 corporis
566 2060 704 2102 solum
734 2062 918 2115 pertinet
952 2063 1254 2113 necessitates,
1302 2078 1438 2119 neque
1467 2061 1554 2103 illis
1584 2064 1736 2104 studiis

113 2138 357 2193 artibusque
388 2137 499 2179 ullus
529 2137 672 2187 loeus,
711 2151 818 2192 quae
840 2140 1025 2179 animum
1047 2141 1200 2192 juvant
1226 2150 1348 2195 atque
1370 2139 1592 2182 delectant.
1639 2139 1735 2181 Jam

113 2229 214 2256 vero
253 2214 431 2271 populus
461 2213 700 2256 Hebraicus
731 2225 827 2256 ante
861 2216 1002 2258 Mosz‘s
1039 2227 1217 2258 aetatem
1256 2229 1425 2275 praeter
1462 2220 1731 2260 venationem

112 2296 360 2349 pecorisque
407 2309 550 2336 curam
589 2294 661 2334 vix
701 2292 778 2334 ulli
821 2296 883 2334 rei
921 2308 1093 2336 vacasse
1137 2297 1313 2338 videtur.
1387 2296 1581 2353 Namque
1620 2298 1731 2353 quod

113 2371 271 2412 1M0s.
304 2371 488 2422 XXVI,
530 2377 606 2422 12,
656 2372 708 2412 de
748 2371 875 2413 Isaeo
917 2374 1119 2426 traditur,
1169 2374 1280 2415 culto
1322 2377 1362 2416 in
1404 2375 1728 2417 philistaeorum

110 2451 222 2490 terra
262 2464 363 2505 agro
405 2449 683 2505 centuplicem
727 2449 906 2490 fructum
949 2465 1044 2492 eum
1085 2455 1324 2507 recepisse,
1377 2469 1510 2510 neque
1549 2454 1726 2505 homini,

108 2541 244 2583 neque
283 2529 541 2583 temporibus
585 2531 764 2583 putarim
809 2532 1053 2571 convenire.
1123 2532 1288 2573 Etenim
1332 2533 1486 2574 Isacns
1528 2530 1728 2586 pastorali

111 2605 276 2647 deditus
318 2608 427 2647 vitae
471 2620 565 2647 cum
605 2608 808 2663 gregibus
855 2610 1132 2664 tentoriisque
1163 2614 1277 2660 suis,
1329 2610 1553 2651 nomadum
1591 2623 1725 2661 more,

108 2680 389 2724 Palaestinam
429 2683 696 2739 peragrabat.
763 2685 820 2726 At
851 2700 952 2728 vero
983 2688 1187 2728 nomades
1226 2687 1336 2728 haud
1376 2687 1450 2726 uni
1488 2685 1628 2729 solent
1655 2689 1724 2729 in-
