1968 3095
175 220 257 259 260
780 217 874 256 Pars
905 218 928 256 l
936 219 970 258 V.
1034 219 1125 269 Cap.
1144 220 1212 258 -11.

177 337 221 377 v„
261 329 456 389 owine»,
504 326 799 378 Motakawes,
854 327 1035 378 denam,-
1085 337 1251 370 constat
1291 328 1429 371 literis
1480 337 1658 384 quatuor
1698 331 1808 372 inter

346 418 468 459 binas
503 418 768 471 quiescentes
803 419 942 458 motis.
1005 417 1266 460 Postremum
1295 419 1424 460 hocce
1456 417 1642 473 rhythmi
1673 433 1810 474 genus

348 497 563 538 rarissime
595 497 802 544 occurrit3
846 497 983 538 rarius
1021 507 1062 538 et
1099 508 1314 552 quartum,
1352 498 1427 539 sed
1468 496 1809 552 frequentissime

348 576 581 616 secundum
619 583 660 614 et
691 575 875 615 tertium.

178 666 298 715 Quae
332 664 536 705 hactenus
568 678 620 705 ex
652 663 840 704 Arabum
885 666 1096 705 sententia
1136 664 1187 704 de
1217 663 1416 718 rhythmo
1456 665 1722 716 notavimus,
1769 668 1807 707 si

175 745 268 799 quis
311 742 481 784 brevius
520 742 837 798 simpliciusque
890 740 990 782 velit
1031 744 1297 797 exprimere,
1354 741 1591 796 rhythmum
1618 743 1807 794 finalem

177 825 250 864 vel
276 821 442 877 syllaba
474 824 586 872 uuit,
627 822 699 862 vel
726 819 914 870 duabus,
957 821 1097 862 tribus
1128 827 1369 876 quatuorve
1399 827 1601 863 constare
1631 824 1802 864 dixerit.

176 900 429 942 Tenendum
460 911 624 949 autem,
657 898 846 939 Arabum
879 905 1024 954 poetas
1057 915 1166 950 non,
1206 901 1331 940 sicuti
1363 910 1596 951 nostrates,
1627 902 1807 942 diversis

175 980 218 1019 in
247 979 395 1019 eodem
428 978 616 1018 carmine
655 980 716 1018 uti
749 978 1132 1028 homoeoteleutis,
1177 992 1323 1018 verum
1357 977 1409 1018 ab
1439 980 1562 1019 initio
1593 979 1646 1020 ad
1675 976 1805 1019 finem

175 1057 247 1102 uni
278 1065 520 1096 constanter
551 1056 775 1097 inhaerere
818 1056 1041 1110 rhythmo,
1082 1057 1192 1112 quod
1232 1057 1274 1096 in
1308 1057 1424 1096 tanta
1452 1055 1624 1112 linguae
1652 1056 1805 1099 Arabi-

174 1147 247 1174 cae
275 1133 467 1174 ubertate
497 1133 698 1175 facillime
728 1134 824 1176 fieri
856 1144 1005 1190 potest.
1068 1133 1211 1184 Quare
1251 1144 1292 1175 et
1332 1134 1455 1176 litera
1486 1134 1584 1186 illa,
1628 1137 1696 1176 cui
1726 1150 1803 1176 ceu

173 1222 448 1264 fundamento
473 1223 694 1278 rhythmus
724 1226 930 1274 innititur,
962 1223 1179 1265 Arabibus
1213 1211 1300 1288 :532
1333 1225 1466 1275 dicta,
1496 1225 1704 1281 integrum
1731 1239 1804 1280 per

173 1326 343 1353 carmen
375 1314 522 1354 eadem
555 1315 633 1364 sit,
676 1327 851 1354 necesse
882 1323 959 1356 est.
1030 1313 1097 1354 Ab
1129 1313 1207 1354 hac
1245 1312 1372 1354 litera
1402 1315 1588 1354 carmina
1617 1313 1802 1354 Arabica

174 1392 343 1445 saepius
392 1405 544 1432 nomen
589 1405 711 1432 suum
758 1391 956 1442 trahunt,
1006 1393 1133 1432 sicuti
1178 1393 1446 1431 notissimum
1486 1389 1591 1432 illud
1637 1391 1806 1446 Tegrai

172 1485 347 1534 poema,
380 1481 488 1535 quod
521 1480 766 1529 Lamicum,
797 1468 926 1539 2³:220),
958 1480 1133 1528 dicitur,
1165 1481 1262 1533 quia
1292 1480 1441 1520 literae
1465 1479 1572 1520 Lam
1601 1481 1802 1522 carminis

173 1568 395 1622 rhythmus
426 1570 642 1619 innititur,
674 1577 721 1609 ut
752 1569 896 1608 videre
926 1579 991 1610 est
1019 1571 1062 1610 in
1089 1569 1208 1611 hisce
1236 1569 1437 1609 carminis
1461 1566 1577 1610 illius
1599 1567 1799 1611 homoeo-

174 1657 366 1699 teleutis:
407 1648 550 1718 3⁴33,
585 1648 711 1718 3152,
747 1647 842 1713 343AEss
877 1666 957 1698 etc.
1015 1655 1215 1699 Ceterum
1246 1656 1467 1711 rhythmus
1497 1655 1565 1698 vel
1587 1658 1631 1698 in
1657 1659 1799 1712 qu'us·

176 1759 237 1798 vis
271 1758 555 1811 hemistichii,
598 1759 690 1810 vel,
735 1759 846 1813 quod
878 1756 1010 1799 multo
1042 1758 1326 1814 frequentius,
1365 1760 1407 1799 in
1440 1758 1597 1813 integri
1629 1759 1797 1799 demum

172 1836 318 1878 versus
346 1836 433 1878 fine
465 1837 604 1879 locum
636 1837 778 1878 habet.
837 1835 1158 1891 Antiquissimis
1190 1835 1478 1891 temporibus,
1512 1835 1663 1890 quibus
1692 1834 1799 1876 Ara-

170 1914 268 1956 bum
302 1930 368 1956 res
399 1918 576 1956 metrica
608 1914 673 1955 vel
706 1915 891 1955 nondum
932 1917 1129 1964 inventa,
1173 1913 1239 1954 vel
1280 1916 1419 1955 minus
1460 1913 1597 1954 adhuc
1626 1911 1796 1954 exculta

170 1992 270 2040 fuit,
303 1992 456 2047 singuli
488 1992 641 2042 stichi,
674 1994 764 2032 sive
796 1991 1023 2041 versiculi,
1056 1994 1125 2047 qui
1156 1993 1364 2032 seriorum
1396 1993 1627 2031 carminum
1660 1991 1792 2031 bemi-

168 2071 323 2111 sticbia
350 2069 617 2125 longitudine
647 2084 728 2110 non
758 2069 1038 2125 superabant,
1081 2072 1123 2110 in
1165 2069 1406 2122 rhythmum
1439 2069 1709 2119 desinebant,
1747 2077 1792 2110 ut

167 2149 311 2188 videre
343 2159 407 2189 est
437 2150 478 2188 in
511 2147 663 2189 Salz'ln‘
692 2163 918 2202 responso,
950 2149 1060 2202 quod
1094 2148 1406 2190 Abdnlmasilzo
1439 2148 1622 2190 reddidit
1648 2148 1793 2188 scisci-

166 2229 268 2267 tanti
301 2228 351 2267 de
383 2227 511 2268 rebus
538 2225 829 2277 mirabilibus,
861 2240 968 2278 quae
997 2227 1048 2267 eei
1076 2236 1225 2278 nocte,
1257 2228 1339 2280 qua
1365 2225 1642 2268 Mohammed
1668 2234 1792 2267 natus

164 2306 266 2351 suit,
299 2314 550 2351 evenerant,
584 2306 624 2344 in
659 2304 770 2346 hunc
805 2306 1002 2346 modum:

946 2396 1091 2467 2*stle
1140 2406 1230 2451 Q:

848 2489 1230 2556 22⁴⁶*aeth

924 2573 1143 2644 325⁸&
1180 2577 1228 2629 (ἐς

743 2662 895 2732 ffrffl
930 2671 999 2719 (μ
1034 2664 1105 2718 ὥς
1141 2669 1223 2719 03,

700 2753 845 2814 Uia-Lm
878 2764 947 2810 523
988 2753 1076 2796 eum
1110 2753 1218 2805 etl-2²4
