1958 2947
563 126 616 163 De
646 129 748 170 stylo
782 129 988 166 carminum
1018 129 1295 167 Hebraicorum.
1672 132 1746 169 151

112 245 258 274 eorum
288 232 581 287 interpretatio
612 247 720 289 vaga
750 236 994 291 incertaque
1024 238 1227 279 redditur.
1290 234 1398 278 Cum
1430 237 1544 277 enim
1585 251 1735 280 sensus

109 308 183 350 ille
211 324 348 366 neque
378 324 433 351 ex
465 311 634 351 dicendi
666 326 767 361 usu,
813 327 951 368 neque
989 329 1044 356 ex
1085 316 1290 356 orationis
1333 322 1557 364 contextu,
1597 328 1735 370 neque

107 387 192 428 alio
232 389 410 443 quodam
452 388 610 428 indicio
652 392 855 444 cognosci
898 393 1054 446 possit,
1105 391 1311 442 efficitur,
1360 401 1404 432 ut
1444 393 1736 446 interpretatio

105 468 286 518 mystica
317 466 432 506 omni
462 466 662 506 destituta
692 469 746 507 sit
776 467 1074 517 fundamento,
1115 483 1196 522 quo
1236 478 1323 509 tute
1363 471 1570 523 interpres
1599 472 1734 524 possit

104 544 243 586 inniti.
304 542 447 592 Quare
489 552 531 583 et
560 553 699 585 tantus
737 546 847 586 inter
882 547 1081 598 mysticos
1110 544 1316 587 librorum
1352 561 1568 587 sacrorum
1599 549 1731 588 inter-

102 622 243 676 p‘retes
273 622 325 662 de
347 619 610 676 singulorum
633 620 821 662 locorum
845 637 974 664 sensu
1002 624 1248 670 dissensus,
1283 633 1327 663 ut
1350 622 1417 663 vel
1438 636 1529 664 eam
1557 634 1729 679 propter

102 712 271 740 causam
303 700 418 740 omni
448 700 786 754 interpretationi
817 701 1022 754 mysticae
1053 702 1203 741 merito
1234 699 1413 741 diffidas.
1473 700 1612 742 Possit
1637 703 1724 756 qui-

101 777 196 818 dem
232 778 325 832 quis
357 776 572 830 objicere,
614 786 655 817 et
685 776 797 818 Novi
829 777 1095 819 Testamenti
1125 779 1380 832 scriptores,
1421 779 1548 833 inque
1579 761 1748 832 primis·

100 852 305 908 epistolae
335 854 387 894 ad
421 853 645 895 Hebraeos
674 864 916 903 auctorem,
948 855 1125 897 Veteris
1146 853 1409 896 Testamenti
1440 856 1579 897 effatis
1609 855 1722 897 haud

98 946 195 972 raro
222 933 445 985 mysticum
475 945 646 972 sensum
677 932 876 983 tribuere,
905 933 1031 988 idque
1060 933 1298 973 indubitato
1330 947 1423 973 esse
1455 934 1722 984 documento,

97 1009 238 1050 effatis
264 1008 350 1050 illis
373 1011 596 1063 mysticum
619 1024 790 1051 sensum
814 1012 969 1052 inesse.
1023 1009 1351 1051 Concedendum
1378 1011 1575 1060 omnino,
1609 1009 1722 1050 Novi

97 1085 361 1127 Testamenti
391 1096 584 1128 auctores
609 1087 781 1128 Veteris
804 1087 1069 1128 Testamenti
1098 1087 1236 1127 effatis
1258 1087 1468 1126 interdum
1498 1089 1721 1140 mysticum

96 1179 266 1206 sensum
309 1164 517 1211 tribuere;
569 1178 703 1218 neque
746 1174 886 1205 tamen
930 1165 1028 1205 inde
1068 1165 1279 1219 sequitur,
1330 1164 1551 1216 mysticum
1595 1162 1718 1203 illum

97 1256 269 1284 sensum
290 1256 314 1282 a
335 1241 507 1282 Veteris
530 1240 796 1282 Testamenti
818 1240 1096 1296 scriptoribus
1125 1254 1171 1280 re
1193 1242 1291 1281 vera
1310 1248 1540 1295 spectatum
1568 1240 1715 1281 fuisse.

100 1318 294 1374 Namque
333 1317 448 1359 Novi
478 1317 744 1360 Testamenti
788 1330 979 1360 auctores
1019 1333 1111 1358 eam
1150 1317 1453 1371 interpretandi
1492 1319 1715 1366 rationem,

97 1412 204 1452 quae
234 1412 311 1437 suo
344 1407 532 1450 tempore
562 1398 673 1437 inter
704 1396 928 1451 populares
950 1412 1050 1438 suos
1072 1395 1267 1451 vigebat,
1300 1395 1431 1434 secuti
1462 1403 1579 1446 sunt3
1610 1408 1716 1448 quae

95 1484 236 1515 tamen
281 1489 349 1515 res
388 1488 650 1529 nequaquam
693 1477 986 1516 necessitatem
1028 1473 1151 1514 nobis
1199 1473 1398 1526 imponit,
1454 1482 1496 1511 ut
1538 1472 1716 1512 eandem

93 1566 319 1607 sequamur
348 1553 650 1607 interpretandi
682 1552 951 1601 methodum,
988 1553 1026 1592 si
1066 1565 1115 1591 ea
1155 1551 1432 1603 scriptorum,
1477 1552 1547 1604 qni
1587 1552 1716 1590 inter-

95 1630 287 1684 pretandi
318 1638 437 1679 sunt,
475 1627 653 1669 consilio
682 1632 821 1670 minus
855 1635 1142 1670 consentanea
1174 1629 1378 1668 videatur.

747 1760 1068 1812 §.Lxxxv.

207 1863 428 1917 Superest,
466 1869 511 1901 ut
549 1860 601 1901 de
632 1861 885 1914 parabolis,
921 1864 965 1902 in
1002 1862 1180 1916 poeticis
1211 1858 1505 1900 Hebraeorum
1546 1858 1714 1911 scriptis

95 1941 254 1990 obviis,
296 1940 499 1980 dicamus.
568 1939 791 1981 Parabola
822 1941 1017 1994 proxime
1057 1940 1109 1979 ad
1151 1937 1394 1992 allegoriam
1428 1935 1613 1984 accedit,
1656 1936 1714 1974 ita

95 2028 140 2060 ut
159 2028 201 2058 et
221 2017 426 2071 allegoria
447 2017 649 2056 historica
673 2018 753 2057 dici
776 2019 933 2071 possit3
967 2030 1094 2072 quare
1118 2027 1159 2056 et
1171 2014 1395 2056 Lowtloeius
1413 2013 1589 2053 eandem
1611 2010 1714 2051 alle·

94 2098 240 2151 goriae
271 2103 477 2134 accenset.
513 2094 588 2133 Est
615 2103 755 2133 autem
781 2094 997 2148 parabola
1019 2093 1141 2134 fictae
1169 2093 1389 2146 cujusdam
1417 2091 1478 2131 rei
1510 2090 1711 2138 narratio,

95 2175 146 2214 ad
175 2171 467 2212 illustrandam
511 2173 727 2211 veritatem
771 2170 953 2225 aliquam
995 2171 1197 2211 adhibita.
1258 2167 1506 2209 Parabolico
1546 2166 1714 2206 dicendi

92 2264 248 2307 genere
280 2250 463 2290 maxime
496 2250 669 2288 serioris
708 2249 803 2287 aevi
844 2248 1069 2302 prophetae
1102 2257 1295 2294 utuntur3
1338 2248 1465 2300 inque
1495 2244 1562 2284 his
1594 2256 1715 2297 prae-

95 2329 241 2384 primis
270 2326 502 2375 Ezechiel,
544 2328 613 2379 qui
654 2326 741 2365 sere
774 2333 885 2365 totus
927 2326 970 2364 in
1012 2324 1224 2378 parabolis
1256 2332 1462 2364 versatur.
1533 2321 1714 2362 Videtur

95 2407 137 2446 id
170 2405 336 2445 dicendi
367 2417 501 2458 genus
531 2404 641 2456 apud
681 2402 904 2457 prophetas
936 2403 1142 2456 originem
1174 2415 1293 2442 suam
1324 2402 1586 2455 potissimum
1616 2397 1714 2436 inde

96 2485 305 2532 traxisse,
354 2481 464 2536 quod
515 2481 768 2535 prophetae,
819 2480 986 2535 quando
1033 2481 1075 2520 in
1126 2487 1352 2533 conspectu
1401 2474 1545 2531 populi
1588 2472 1718 2513 verba

95 2560 307 2609 facerent,
353 2559 477 2599 dictis
515 2560 602 2599 suis
642 2573 941 2613 nonnunquam
984 2559 1172 2598 actiones
1210 2554 1464 2608 symbolicas
1493 2550 1716 2596 adderent3

98 2637 220 2676 sicuti
262 2635 446 2690 legimus
479 2639 496 2676 1
535 2634 666 2696 Regg.
699 2635 861 2685 XXII,
892 2640 967 2681 11,
1011 2633 1260 2689 prophetam
1295 2630 1547 2679 Zedekiam,
1586 2626 1721 2668 filium
