1958 2947
301 131 353 167 De
382 137 597 179 argumento
627 131 850 178 diversisque
877 131 1070 178 qeneribus
1099 132 1306 168 carminum
1336 130 1592 168 .-lr·abic01·um.
1710 133 1761 172 ⁸7

131 239 356 289 admirari,
387 252 471 279 non
493 247 661 293 stupere
684 240 817 293 possit
829 243 856 264 “
884 242 969 292 ⁷⁴).
1028 240 1083 281 Et
1102 237 1232 295 paulo
1263 239 1442 281 inferius
1473 238 1580 280 haec
1610 241 1759 282 tradit:

188 428 263 480 74)
305 429 442 468 Oratio
472 427 644 467 studium
673 429 872 468 Arabicae
902 429 1067 483 linguae
1099 431 1398 478 commendans,
1438 445 1476 482 p.
1506 423 1613 477 263,
1656 428 1761 478 2643

244 497 400 536 adnexa
440 500 502 534 est
540 496 670 534 oratio
711 496 781 535 illa
813 498 987 548 ejusdem
1020 498 1195 536 auctoris
1228 498 1267 536 in
1299 498 1441 536 Jobum
1474 502 1514 535 et
1541 498 1761 538 Proverbia

243 563 513 616 conjecturis,
553 578 592 615 p.
616 564 698 602 217
722 587 767 594 —
790 564 886 603 292.
931 585 982 593 ——
1034 565 1149 606 Quod
1180 567 1328 603 Reiskio
1356 565 1395 603 in
1425 565 1528 604 votis
1560 571 1666 612 erat,
1718 571 1762 604 ut

241 632 426 671 Meidunii
466 631 675 682 proverbia
716 632 755 670 in
794 633 922 670 lucem
964 633 1198 678 ederentur,
1256 632 1481 671 novissimis
1520 633 1758 684 temporibus

228 699 390 750 ¹factum
424 704 486 738 est
516 700 611 737 cura
651 703 691 737 et
719 699 852 737 studio
884 699 1104 738 doctissimi
1136 701 1293 748 Freytaq
1325 699 1364 736 in
1389 712 1531 750 opere,
1564 701 1667 752 quod
1698 700 1757 738 in-

243 777 450 817 scribitur:
487 766 602 826 *dl-²35
635 764 762 823 ‘ji-52⁸⁸,
792 779 957 816 Arabum
986 780 1185 827 proverbia
1213 781 1400 816 vocalibus
1424 780 1617 823 instruxit,
1646 781 1759 816 latine

239 847 369 889 vertit,
420 847 677 883 commentario
715 848 916 884 illustravit
962 846 1005 883 G.
1045 847 1098 884 W.
1129 847 1300 894 Freycaq.
1379 847 1478 883 Tom.
1508 847 1553 892 I,
1603 848 1694 883 inest
1732 859 1757 883 α

240 913 431 951 Meidunio
462 915 686 951 collectorum
711 915 992 962 proverbiorum
1017 925 1110 961 pars
1135 915 1267 960 prior,
1314 914 1464 950 Romae
1494 915 1544 950 ad
1576 914 1752 955 Rhenum,

242 977 365 1018 1838.
436 982 535 1017 Tom.
567 982 627 1023 II,
673 983 765 1018 inest
803 993 827 1017 a
865 981 1054 1018 Meidauio
1093 982 1318 1018 collectorum
1354 981 1636 1028 proverbiorum
1666 992 1756 1027 pars

235 1049 442 1095 posterior,
492 1045 613 1084 1839.
657 1067 712 1075 --
760 1047 977 1084 Dolendum
1021 1051 1171 1092 autem,
1222 1059 1298 1083 non
1338 1046 1535 1098 integrum
1572 1048 1756 1084 Mez‘ctanii

242 1127 356 1164 opus,
388 1126 534 1160 verum,
567 1118 724 1165 praeter
752 1113 960 1165 proverbia
989 1113 1099 1164 ipsa,
1132 1113 1323 1150 delectum
1345 1117 1494 1151 tantum
1516 1112 1754 1149 scholiorum

242 1181 450 1226 Meidanii,
483 1193 646 1232 eumque
667 1195 744 1219 non
768 1193 947 1219 sermone
970 1181 1165 1226 Arabico,
1196 1180 1266 1217 sed
1290 1180 1435 1217 Latine
1458 1179 1652 1217 redditum
1667 1207 1677 1225 ,
1715 1179 1752 1217 in

240 1247 340 1285 libro
369 1248 439 1285 illo
469 1247 661 1286 exhiberi.
720 1249 841 1299 Cujus
869 1247 925 1285 rei
956 1247 1058 1285 ratio
1089 1247 1128 1285 in
1158 1247 1290 1298 operis
1320 1246 1594 1298 praefatione,
1626 1261 1666 1298 p.
1689 1248 1751 1293 Vl,

241 1314 351 1352 bisce
380 1315 559 1352 redditur
587 1314 741 1353 verbis:
782 1314 988 1362 „Primum
1020 1313 1146 1366 igitur
1176 1319 1298 1352 totum
1318 1316 1504 1353 Metuanii
1536 1328 1632 1366 opus
1666 1328 1750 1352 cum

243 1381 408 1419 scholiis
451 1382 642 1435 integris,
693 1382 842 1420 Latina
881 1381 1065 1420 versione
1107 1385 1147 1418 et
1185 1381 1508 1420 adnotationibus
1551 1382 1669 1420 edere
1713 1381 1750 1419 iu

243 1449 372 1487 animo
403 1449 495 1486 mihi
520 1454 628 1495 erat3
660 1449 757 1487 duas
789 1454 867 1486 tum
898 1449 936 1486 in
964 1461 1083 1498 opere
1114 1449 1341 1487 accuratius
1373 1449 1595 1487 examinato
1627 1448 1751 1500 potis-

241 1517 377 1554 simum
410 1530 554 1554 causas
583 1516 775 1562 videbam,
808 1529 877 1553 cur
902 1516 950 1553 ab
977 1516 1054 1552 isto
1079 1515 1247 1553 consilio
1271 1515 1514 1554 desisterem.
1556 1508 1643 1554 Una
1667 1521 1754 1553 erat

241 1584 373 1634 operis
404 1597 547 1635 magna
586 1583 734 1629 moles,
776 1583 852 1633 qua
882 1582 1039 1619 multum
1071 1587 1275 1619 crescente
1306 1583 1353 1619 ob
1385 1582 1634 1620 necessarias
1672 1588 1750 1619 tum

241 1651 427 1697 criticas,
473 1656 553 1687 tum
585 1651 685 1688 alias
717 1649 995 1687 adnotationes
1025 1649 1323 1700 versionemque
1361 1648 1451 1686 libri
1489 1649 1655 1699 pretium
1694 1649 1751 1686 ita

240 1718 462 1769 augendum
494 1716 657 1764 fuisset,
687 1721 732 1754 ut
752 1717 889 1767 paucis
920 1721 1067 1753 tantum
1098 1716 1186 1753 libri
1218 1716 1369 1753 emendi
1400 1721 1439 1752 et
1469 1715 1604 1753 utendi
1635 1716 1751 1766 copia

242 1785 474 1829 mansisset3
507 1785 633 1823 altera
663 1784 701 1821 in
734 1797 781 1821 eo
815 1783 968 1834 posita,
1003 1784 1105 1834 quod
1138 1783 1175 1820 in
1208 1782 1372 1820 scholiis
1394 1784 1578 1821 Meidauii
1607 1783 1748 1819 multas

241 1866 304 1891 res
346 1852 583 1897 invenirem,
632 1864 734 1902 quae
774 1851 912 1901 majori
952 1851 1165 1902 legentium
1208 1849 1310 1900 parti
1349 1854 1417 1887 aut
1449 1863 1584 1900 parum
1616 1849 1748 1893 utiles,

241 1925 310 1957 aut
338 1932 498 1970 prorsus
530 1918 689 1955 inutiles
724 1918 872 1964 omitti,
913 1923 981 1955 aut
1009 1918 1166 1956 brevius
1199 1917 1277 1954 dici
1309 1921 1482 1967 possent.
1521 1938 1575 1945 —-
1629 1916 1745 1967 Elegi

241 1987 367 2039 igitur
387 2000 436 2025 ex
456 1988 640 2025 Meidauii
663 1985 824 2023 scholiis
847 1999 915 2023 eas
939 1985 1182 2036 potissimum
1212 1996 1289 2029 reS,
1322 1996 1421 2035 quae
1452 1988 1529 2020 tum
1561 1983 1609 2020 ad
1634 1983 1746 2019 intel-

242 2055 404 2106 ligenda
437 2053 642 2104 proverbia
674 2053 948 2099 necessariae,
981 2057 1060 2089 tum
1090 2052 1138 2089 ad
1163 2051 1364 2088 historiam
1391 2050 1558 2087 Arabum
1593 2050 1746 2087 discen-

243 2122 353 2166 dam,
387 2126 425 2157 et
443 2120 599 2157 vivendi
626 2120 814 2157 rationem
847 2133 1051 2171 moresque
1084 2118 1385 2170 cognoscendos
1416 2117 1533 2154 utiles
1566 2118 1749 2156 videren-

244 2191 348 2225 tun«
382 2210 430 2214 ——
474 2187 587 2228 Quae
611 2187 854 2224 causae'etsi
884 2199 1124 2238 nequaquam
1156 2186 1237 2222 sint
1262 2184 1584 2230 contemnendae,
1619 2190 1747 2221 tamen

240 2255 307 2294 vix
330 2267 557 2306 quemquam
578 2253 778 2291 literarum
792 2253 1046 2291 Arabicarum
1063 2258 1255 2290 amantem
1271 2252 1357 2290 fore
1377 2252 1657 2296 existimamus,
1682 2250 1746 2301 qui

242 2335 321 2359 non
352 2335 497 2359 summo
537 2326 719 2358 teneatur
749 2320 975 2366 desiderio,
1026 2324 1070 2356 ut
1099 2320 1294 2371 integrum
1322 2321 1507 2358 Meidanit'
1537 2331 1633 2367 opus
1665 2330 1746 2354 ser-

246 2402 357 2426 mone
388 2389 558 2426 Arabico
589 2388 627 2425 in
661 2388 785 2425 lucem
809 2388 960 2425 edatur.
1021 2387 1135 2428 Quod
1161 2385 1396 2423 desiderium
1419 2385 1522 2423 haud
1544 2384 1744 2434 quisquan·

243 2456 380 2493 melius
422 2456 582 2505 explere
625 2468 743 2506 posse
784 2455 958 2499 videtur,
1006 2467 1119 2504 quam
1163 2453 1327 2491 doctiss,
1375 2451 1628 2498 Quacremere,
1680 2450 1744 2501 qui

247 2523 283 2560 in
324 2522 636 2573 ephemeridibus
675 2522 865 2560 Asiaticis
909 2521 1102 2572 (Journal
1132 2520 1365 2571 Asiatique)
1404 2530 1589 2556 annorum
1626 2515 1747 2561 1837,

247 2587 380 2638 1838,
421 2589 626 2640 praeclaro
657 2590 890 2628 monstravit
919 2588 1120 2639 exemplo,
1170 2600 1279 2638 quem
1315 2587 1351 2623 iu
1385 2586 1532 2622 modum
1567 2584 1748 2621 Meidauii

248 2657 369 2695 editio
399 2657 453 2695 sit
481 2656 722 2696 adornanda.
