1979 3073
420 187 473 223 De
502 188 652 224 externa
679 189 885 224 carminum
918 187 1182 225 Hebraicorum
1211 186 1348 234 forma.
1610 187 1691 225 219

73 291 168 334 Jam
200 293 253 333 ad
282 292 474 335 laudatos
503 295 610 349 quod
643 296 802 336 adtinet
831 309 1000 345 versus,
1033 296 1123 335 sive
1157 294 1473 344 Bellermanni,
1504 295 1595 334 sive
1615 293 1692 335 Jo-

75 375 212 422 nesii,
253 373 343 411 sive
373 373 561 425 cujusvis
600 372 708 413 alifis
742 382 962 428 praecepta
1000 374 1174 412 metrica
1204 373 1420 426 sequaris,
1463 386 1545 411 non
1581 372 1696 411 vide-

76 462 194 498 mus,
236 450 317 504 qua
347 450 508 490 ratione
540 449 590 489 ad
617 450 723 502 justi
757 448 991 490 hexametri
1026 464 1265 491 mensuram
1297 451 1459 504 possint
1491 449 1693 489 revocari.

75 525 226 567 Monet
256 528 420 582 quidem
445 526 795 578 Bella-mannus,
825 526 1070 582 Josephum,
1102 527 1351 577 Eusebium,
1384 527 1693 580 Hieronymum

76 602 266 659 aliosque
296 604 501 645 ecclesiae
532 616 694 659 patres,
733 606 804 645 ubi
846 606 896 645 de
928 604 1187 646 hexametris
1228 616 1267 646 et
1298 607 1570 660 pentametris
1600 605 1695 645 He-

78 680 300 722 braeorum
323 681 515 723 versibus
536 681 783 737 loquantur,
815 697 898 723 non
922 681 1180 724 Graecorum
1204 698 1401 724 numeros
1431 696 1696 723 mensuram-

77 773 158 814 que
189 762 448 814 respexisse3
480 759 773 801 Hebraeorum
794 760 1088 801 hexametrum
1115 775 1199 801 non
1231 775 1325 801 esse
1356 762 1436 800 nisi
1459 759 1692 814 jambicum

77 838 315 885 senarium,
357 836 422 877 vel
462 840 738 879 octonarium.
809 838 866 879 At
905 852 1003 879 vero
1033 838 1344 892 Hieronymus,
1385 840 1468 878 nisi
1508 839 1694 878 carmina

75 913 290 955 Hebraica
320 917 369 956 ad
396 915 651 957 Graecorum
685 930 883 957 numeros
914 929 1112 956 revocare
1137 916 1362 966 voluisset,
1395 917 1467 956 vix
1498 916 1693 965 dixisset,

74 990 228 1033 Jobum
258 994 449 1034 versibus
479 993 758 1043 hexametris,
791 993 955 1047 dactylo
985 995 1259 1048 spondeoque
1283 993 1563 1043 currentibus,
1596 1007 1696 1033 con-

76 1072 276 1125 scriptum
309 1085 426 1118 esse3
461 1070 728 1126 psalmosque
760 1072 801 1111 in
835 1086 993 1112 morem
1024 1069 1182 1112 Flacca·
1210 1081 1333 1126 atque
1362 1071 1556 1112 Pindari
1584 1085 1694 1111 nunc

76 1147 229 1189 Jambo
267 1163 457 1199 currere,
501 1164 612 1189 nunc
642 1148 814 1188 Alcaico
847 1163 1095 1203 personare,
1137 1163 1247 1189 nunc
1279 1148 1487 1203 Sapphico
1518 1157 1693 1188 tumere.

79 1226 163 1266 Sed
208 1227 510 1276 concedamus,
553 1240 674 1281 quem
714 1226 947 1281 Josepkus,
990 1226 1205 1267 Eusebius
1245 1237 1367 1282 atque
1404 1227 1696 1279 Hieronymus

76 1303 368 1344 hexametrum
402 1306 569 1354 dixere,
601 1319 683 1344 non
714 1319 807 1344 esse
843 1306 923 1344 nisi
950 1304 1180 1357 jambicum
1213 1306 1448 1354 senarium,
1482 1303 1548 1343 vel
1579 1313 1696 1344 octo-

79 1384 243 1422 narium
264 1415 274 1434 ‚
322 1382 432 1422 haud
484 1392 622 1422 tamen
674 1382 713 1421 id
760 1383 896 1435 ipsum
945 1383 1067 1421 metri
1119 1395 1252 1435 genus
1295 1380 1405 1421 Jobo
1454 1383 1692 1422 conveniet.

78 1459 272 1515 Namque
320 1475 373 1501 ex
424 1462 556 1514 ipsius
599 1460 894 1500 Bellermanm’
934 1460 1144 1499 sententia
1188 1473 1384 1499 versuum
1430 1459 1695 1500 laudatorum

80 1538 206 1592 pedes
238 1538 462 1578 maximam
497 1547 654 1591 partem
683 1537 883 1577 trochaici
909 1547 1028 1584 sunt3
1060 1552 1165 1591 quos
1196 1547 1333 1577 tamen
1366 1538 1491 1591 pedes
1521 1539 1694 1578 minime

81 1617 268 1656 omnium
300 1617 505 1670 recipiunt
536 1613 714 1655 Jambici
747 1616 916 1655 senarii.
977 1613 1147 1655 Rectius
1187 1616 1314 1668 igitur
1348 1625 1530 1664 statuas,
1568 1614 1694 1655 1036-

72 1693 204 1748 pkum
234 1702 275 1733 et
306 1695 468 1746 priscae
500 1692 704 1733 ecclesiae
733 1702 872 1746 patres
895 1691 1187 1732 Hebraeorum
1222 1694 1409 1732 carmina
1440 1694 1610 1731 omnino
1642 1692 1695 1731 ad

80 1769 337 1811 Graecorum
377 1784 576 1811 numeros
616 1784 814 1810 revocare
858 1768 1065 1819 voluisse,
1105 1784 1240 1824 neque
1282 1780 1421 1810 tamen
1463 1772 1695 1810 carminum

77 1847 246 1889 illorum
279 1850 485 1889 rationem
517 1850 731 1889 metricam
765 1847 895 1902 probe
931 1857 1190 1902 perspectam
1220 1847 1434 1888 habuisse.

190 2040 330 2077 hornio
355 2040 587 2077 adornatae.
648 2040 772 2082 Quam
797 2038 950 2076 Arabes
985 2038 1022 2074 in
1052 2036 1245 2074 metienda
1277 2037 1512 2088 syllabarum
1538 2036 1693 2089 quanti-

191 2114 274 2145 tate
298 2101 474 2143 statuunt
497 2107 646 2157 legem,
677 2107 839 2144 eandem
859 2104 1045 2143 Jonesius
1068 2104 1105 2141 in
1127 2105 1392 2142 Hebraeorum
1421 2105 1529 2156 poe'si
1561 2103 1692 2154 sequi-

194 2181 268 2212 tur.
329 2175 461 2216 Quare
483 2187 550 2211 eas
580 2174 774 2223 syllabas,
806 2186 906 2224 quae
935 2177 1003 2210 aut
1036 2178 1300 2218 consonante,
1335 2178 1402 2209 aut
1433 2172 1549 2208 litera
1584 2170 1692 2221 quie-

193 2247 328 2280 scente
350 2242 627 2286 terminantur,
660 2241 801 2292 longas
830 2240 950 2284 dicit,
982 2245 1119 2276 contra
1140 2239 1300 2285 breves,
1330 2251 1429 2291 quae
1453 2238 1492 2275 in
1517 2238 1692 2276 vocalem

196 2310 391 2347 desinunt.
451 2309 565 2350 Quod
595 2321 676 2344 cum
703 2308 805 2344 haud
830 2307 1121 2358 improbandum
1157 2307 1230 2352 sit,
1264 2307 1300 2344 in
1332 2320 1376 2343 eo
1408 2311 1532 2342 tamen
1557 2305 1692 2355 lapsus

193 2377 348 2415 videtur
375 2375 435 2413 vir
465 2375 738 2420 doctissimus,
769 2376 870 2426 quod
894 2375 941 2411 iis
967 2375 1175 2420 consonis,
1209 2387 1308 2425 quae
1335 2374 1372 2410 in
1395 2373 1587 2423 principio
1611 2371 1691 2420 syl-

195 2443 309 2480 labae
331 2443 458 2480 vocali
482 2443 694 2480 destitutae
710 2470 719 2487 ,
753 2443 929 2492 adeoque
952 2442 1084 2479 schwa
1108 2441 1238 2477 mobili
1270 2446 1429 2477 notatae
1459 2445 1569 2484 sunt,
1601 2439 1692 2474 bre-

193 2523 277 2547 vem
297 2510 470 2547 vocalem
492 2510 659 2556 tribuat3
693 2523 767 2560 quo
790 2509 845 2555 fit,
868 2514 909 2546 ut
930 2521 1016 2559 ας.
1040 2508 1264 2545 vocabulum
1288 2509 1449 2563 tvaim-g
1471 2505 1692 2542 dzrsxschnn

194 2577 440 2627 pronuntiet,
483 2577 594 2626 quasi
628 2577 870 2625 trisyllabum
908 2581 1033 2620 esset3
1080 2588 1162 2613 cum
1194 2582 1323 2613 tamen
1351 2572 1505 2612 nonnisi
1541 2572 1690 2610 duabus

198 2649 353 2682 constet
383 2643 572 2693 syllabis,
604 2648 644 2681 et
671 2644 870 2681 drfischim
897 2642 1133 2680 efferendum
1159 2642 1224 2680 sit.
