1968 3095
220 185 301 224 106
773 212 775 214 -
830 183 923 220 Pars
952 183 1026 220 111.
1088 185 1179 232 Gap.
1214 184 1250 219 ·1.

919 295 955 344 ξ.
1005 291 1149 334 LXII.

328 383 623 425 Hebraeorum
656 381 786 422 vitam
827 395 1052 439 moresque
1091 385 1128 424 si
1169 391 1358 438 spectes,
1403 377 1714 436 antiquioribus
1743 386 1849 419 tem-

214 462 416 520 poribus,
447 460 498 501 ad
521 458 765 501 Salomonis
786 474 918 517 usque
939 462 1162 516 imperium
1177 491 1188 512 ,
1221 459 1526 516 simplicissimi
1548 457 1682 498 fuere.
1724 455 1848 498 Mon-

214 542 352 591 tibus,
397 540 504 581 mari
533 539 796 594 desertisque
827 553 852 579 a
878 538 1041 595 reliquo
1076 549 1282 581 terrarum
1315 539 1417 592 orbe
1449 535 1640 579 seclusus
1670 533 1849 590 populus

213 619 456 661 Hebraicus
503 618 674 658 nonnisi
721 619 782 658 rei
832 620 1056 673 pecuariae
1106 632 1388 674 agrorumque
1437 615 1625 658 culturae
1675 626 1847 669 operam

214 697 411 739 navabat.
469 693 577 736 Cum
608 697 844 751 peregrinis
874 696 1098 751 gentibus,
1131 706 1298 752 praeter
1327 694 1510 746 bellum,
1542 692 1704 736 nullum
1732 705 1847 733 com-

214 777 446 822 mercium3
487 788 618 828 quare
654 788 789 830 neque
829 789 969 816 mores
1000 777 1240 831 peregrini,
1286 788 1422 831 neque
1453 774 1650 825 divitiae,
1691 769 1846 827 quibus

161 880 167 888 κ
210 869 352 897 mores
384 862 736 907 corrumpuntur,
766 853 809 893 in
843 851 1127 894 Palaestinam
1159 853 1306 894 invehi
1334 860 1545 908 poterant.
1604 850 1844 892 Literarum

212 942 337 988 atque
368 932 641 972 scientiarum
668 931 807 971 studia
830 933 948 985 parvi
971 934 1207 983 aestimata,
1236 940 1279 972 et
1299 931 1468 972 nonnisi
1491 944 1516 971 a
1537 927 1844 977 sacerdotibus,

211 1011 353 1052 levitis
376 1008 675 1064 prophetisque
708 1008 1016 1063 aliquantulum
1047 1009 1236 1062 exculta3
1267 1025 1349 1066 quo
1371 1011 1552 1058 factum,
1586 1015 1630 1047 ut
1655 1005 1846 1047 Hebraei

208 1089 458 1144 longissime
482 1085 534 1127 ab
557 1088 609 1127 ea
628 1086 827 1148 abessent
858 1089 1126 1140 eruditione,
1157 1102 1280 1143 quam
1304 1090 1415 1128 inter
1442 1088 1639 1141 antiquos
1665 1082 1844 1139 populos

210 1167 439 1223 Aegyptii,
468 1165 731 1213 Phoenices,
762 1164 1060 1207 Hebraeorum
1085 1167 1238 1216 vicini,
1269 1180 1345 1206 nec
1366 1180 1449 1206 non
1473 1164 1627 1206 Graeci
1645 1162 1845 1204 Romani·

214 1262 294 1303 que
332 1245 547 1286 consecuti
580 1252 691 1284 sunt.
777 1243 815 1284 A
848 1243 1089 1286 Salomonis
1119 1244 1218 1284 inde
1250 1245 1429 1298 imperio
1461 1244 1512 1284 ad
1552 1241 1671 1283 exilii
1703 1240 1844 1293 Baby-

208 1324 339 1366 lonici
378 1335 510 1376 usque
545 1331 734 1375 tempora
765 1321 978 1362 Hebraeis
1017 1323 1190 1362 omnino
1229 1332 1270 1362 et
1311 1336 1405 1362 cum
1447 1323 1605 1362 exteris
1644 1318 1844 1375 gentibus

209 1403 379 1458 aliquod
401 1401 641 1441 intercessit
669 1401 991 1450 commercium,
1025 1401 1109 1439 imo
1131 1402 1239 1440 inter
1263 1401 1472 1454 primores
1498 1398 1639 1455 populi
1670 1399 1842 1438 divites—

210 1495 291 1536 que
322 1479 491 1519 luxuria
522 1493 688 1533 quoque
720 1479 906 1533 grassari
933 1479 1096 1531 coepit3
1129 1486 1170 1517 at
1201 1492 1301 1519 vero
1341 1480 1477 1532 maJ‘or
1505 1477 1739 1532 meliorque
1768 1491 1842 1530 po-

209 1557 296 1615 puli
328 1572 448 1612 pars,
483 1559 745 1611 paupertati,
787 1570 912 1610 saepe
939 1558 1066 1595 etiam
1106 1557 1291 1610 injuriae
1324 1558 1606 1611 potentiorum
1639 1555 1842 1606 obnoxia,

212 1650 237 1677 a
267 1637 445 1690 pristina
479 1637 592 1674 vitae
626 1622 874 1689 morumque
913 1632 1181 1688 simplicitate
1213 1649 1359 1689 parum
1390 1636 1580 1678 descivit.
1650 1633 1712 1674 Ea
1739 1647 1840 1673 vero

211 1716 322 1755 vitae
361 1727 608 1768 morumque
639 1711 888 1766 simplicitas
920 1727 1002 1752 non
1039 1716 1175 1767 potuit
1206 1726 1288 1753 non
1319 1715 1362 1753 in
1396 1714 1510 1753 omni
1544 1711 1840 1752 Hebraeorum

212 1792 452 1848 cogitandi,
484 1793 692 1832 sentiendi
720 1790 1004 1846 loquendique
1026 1793 1190 1831 ratione
1215 1792 1417 1845 conspici.
1471 1791 1614 1839 Quare
1638 1793 1680 1831 in
1705 1792 1840 1831 omni-

210 1871 290 1912 bus
332 1870 628 1910 Hebraeorum
676 1871 867 1923 scriptis,
918 1870 1095 1922 proinde
1144 1878 1184 1909 et
1225 1871 1265 1909 in
1308 1875 1522 1923 poetarum
1568 1870 1839 1910 monimentis

211 1957 331 2003 grata
356 1947 559 2002 quaedam
585 1947 753 1987 dicendi
788 1947 1047 2000 simplicitas
1078 1946 1420 2000 deprehenditur.

893 2072 929 2119 ς.
973 2068 1136 2110 Lxul.

328 2169 500 2210 Praeter
528 2168 644 2209 illam
678 2171 790 2210 vitae
827 2184 1078 2225 morumque
1116 2169 1426 2224 simplicitatem
1469 2180 1510 2212 et
1539 2171 1730 2213 instituta
1763 2187 1835 2228 po-

214 2248 299 2303 puli
331 2248 559 2297 liebraici,
589 2256 676 2287 tum
709 2262 853 2297 sacra,
888 2260 974 2288 tum
1007 2247 1172 2298 civilia,
1206 2247 1382 2288 :multum
1406 2248 1457 2288 ad
1489 2255 1709 2303 poetarum
1740 2265 1838 2292 sen-

213 2326 345 2366 tiendi
379 2326 631 2379 dicendique
660 2329 864 2366 rationem
899 2326 1082 2366 valuere.
1135 2326 1291 2366 Omnia
1322 2325 1617 2368 Hebraeorum
1649 2331 1838 2370 instituta

213 2405 262 2444 ad
296 2403 431 2444 Deum
465 2412 675 2443 auctorem
709 2405 1022 2452 resereban1ur3
1056 2419 1079 2444 a
1109 2404 1202 2445 Deo
1234 2404 1349 2457 leges
1380 2403 1597 2444 Mosaicae
1626 2405 1838 2459 profectae

215 2482 517 2527 credebantur3
560 2480 640 2520 Dei
673 2485 842 2521 nomine
874 2493 996 2536 atque
1027 2483 1276 2522 auctoritate
1310 2496 1431 2533 reges
1462 2484 1699 2535 summique
1731 2497 1838 2537 pon-

215 2560 375 2609 tifices,
425 2561 522 2613 quin
566 2561 649 2599 imo
694 2574 840 2600 omnes
895 2574 1033 2600 rerum
1083 2574 1295 2599 sacrarum
1338 2559 1612 2613 civiliumque
1656 2562 1836 2601 ministri

218 2639 481 2690 provinciam
515 2650 632 2676 suam
665 2638 962 2677 administrare
988 2637 1256 2690 putabantur.
1299 2638 1443 2688 Adde,
1476 2637 1586 2693 quod
1618 2646 1659 2677 et
1688 2652 1835 2680 omnes

218 2714 358 2768 populi
394 2714 593 2755 llebraici
626 2729 771 2763 casus,
814 2713 877 2753 iel
909 2716 1105 2763 secundi,
1151 2714 1213 2754 vel
1246 2716 1437 2767 adversi,
1476 2730 1500 2756 a
1534 2715 1626 2756 Deo
1658 2717 1835 2758 immissi
