1958 2947
266 147 318 183 De
349 155 562 196 arqumemo
589 149 811 196 diversisque
838 150 1027 196 generibus
1057 151 1262 187 carminum
1294 150 1571 187 Hebraicorum.
1673 151 1725 188 77

110 275 332 322 utrumque
362 272 510 321 poema
548 281 641 307 cum
674 265 862 307 Arabum
895 268 1181 318 consessibus,
1221 261 1359 316 ὲίΑΒΜ,
1390 268 1535 324 quales
1565 269 1728 312 Hama-

110 341 238 396 dc'mz'‚
271 345 435 386 Harirz‘
461 343 618 399 aliique
645 346 876 399 scripsere,
909 354 1174 400 componunt-

805 449 841 496 ᾗ.
882 444 1002 486 XLI.

222 523 455 577 Utrumque
499 528 677 577 poeseos
716 522 957 564 Hebraicae
997 536 1155 578 genus,
1198 525 1377 577 lyricum
1415 539 1566 580 nempe
1601 534 1727 582 atque

108 602 384 650 didacticum,
416 602 457 640 in
481 599 781 655 prophetarum
813 602 1024 641 vaticiniis
1054 603 1328 655 compositum
1350 604 1607 658 mixtumque
1629 618 1727 644 con-

105 669 296 734 spicitur..
332 677 416 719 Ubi
445 677 669 733 populares
689 693 787 719 suos
809 679 979 729 docent,
1010 688 1201 728 monent,
1234 678 1450 719 hortantur
1479 681 1723 735 prophetae,

107 758 241 798 oratio
273 770 418 797 eorum
450 756 501 796 ad
536 756 785 796 didacticam
816 757 977 797 accedit
1007 758 1177 811 poesim
1216 771 1362 798 verum
1395 753 1724 813 quotiescunque

104 833 263 876 doloris
289 833 355 874 vel
377 835 465 888 spei
488 847 638 874 sensus
661 836 928 889 exprimunt,
960 833 1136 888 lyricum
1169 834 1353 875 colorem
1383 836 1574 876 induunt.
1617 834 1723 876 Cum

102 920 244 953 tamen
273 911 522 966 corrigendo
554 912 1116 967 praeprimismonendoque
1148 911 1304 967 populo
1336 914 1486 953 intenti
1516 915 1601 953 sint
1632 928 1725 968 pro-

104 988 268 1044 phetae,
290 990 509 1044 potissima
532 990 824 1029 vaticiniorum
848 1003 942 1043 pars
963 990 1192 1030 didacticae
1223 992 1342 1045 poesi
1365 991 1587 1031 tribuenda
1611 993 1724 1032 vide-

103 1075 184 1108 tur.
227 1065 423 1106 Ceterum
447 1068 713 1107 notissimum
737 1075 823 1116 est,
855 1080 938 1106 non
963 1068 1147 1107 omnium
1170 1070 1461 1109 vaticiniorum
1489 1070 1722 1109 orationem

101 1159 195 1185 esse
217 1146 450 1199 poeticam3
482 1144 523 1184 id
550 1146 658 1199 quod
691 1146 875 1184 maxime
898 1145 939 1183 in
965 1147 1169 1185 seriorum
1192 1145 1488 1200 prophetarum
1513 1148 1722 1187 vaticiniis

99 1223 297 1262 cernitur.
343 1221 515 1262 Poetico
541 1223 805 1276 potissimum
829 1223 993 1262 dicendi
1014 1236 1169 1277 genere
1190 1231 1361 1263 utuntur
1380 1224 1573 1272 Jesaz'as,
1604 1224 1720 1276 Joal,

100 1298 265 1349 Micha,
297 1298 495 1348 Nahum3
524 1308 669 1339 contra
697 1299 750 1338 ad
781 1300 1017 1352 pedestrem
1048 1314 1171 1355 quam
1194 1302 1441 1354 saepissime
1464 1301 1722 1342 descendunt

99 1379 329 1418 orationem
354 1378 577 1426 Jeremae‘as,
609 1375 823 1417 Ezechiel
849 1385 890 1416 et
913 1376 1181 1426 Zacharias,-
1214 1379 1401 1432 quinimo
1432 1379 1568 1419 Jonae
1597 1378 1720 1429 liber,

97 1456 177 1494 etsi
207 1453 462 1509 propheticis
486 1455 785 1494 adnumeretur
816 1456 995 1508 scriptis,
1027 1470 1162 1510 neque
1195 1465 1487 1510 argumentum
1519 1457 1626 1511 quod
1659 1466 1721 1497 at-

97 1534 226 1581 tinet,
260 1530 548 1586 propheticus,
582 1546 715 1586 neque
738 1532 969 1571 orationem
994 1534 1029 1572 si
1053 1541 1231 1586 spectes,
1267 1534 1451 1585 poeticus
1476 1543 1559 1581 est3
1591 1536 1720 1589 siqui-

71 1610 193 1650 -dem
216 1610 352 1649 Jouae
374 1608 631 1663 prophetae,
670 1623 694 1648 a
725 1607 819 1649 Deo
850 1609 901 1648 ad
933 1607 1145 1649 Ninivitas
1175 1610 1318 1659 missi,
1352 1610 1566 1651 mirabiles
1597 1626 1718 1652 casus

96 1699 291 1727 sermone
333 1688 537 1740 pedestri,
586 1694 765 1740 excepto
803 1685 1034 1741 prophetae
1072 1688 1114 1727 in
1146 1686 1286 1727 Deum
1324 1686 1507 1740 hymn0,
1548 1703 1634 1743 cap.
1662 1689 1716 1740 II,

96 1766 121 1804 3
140 1786 189 1794 -—
213 1766 286 1812 10,
318 1763 504 1816 exponit.

794 1856 830 1903 ᾗ.
872 1853 1010 1894 XLII.

207 1941 378 1982 Praeter
408 1955 484 1990 ea,
528 1956 633 1995 quae
665 1941 848 1982 hucdum
879 1940 1147 1983 laudavimus
1179 1949 1355 1997 poeseos
1386 1959 1569 1999 genera,
1609 1960 1712 2000 apo-

94 2021 215 2074 logos
246 2032 408 2073 quoque
439 2017 650 2060 Hebraeis
684 2021 858 2060 usitatos
889 2020 1047 2072 fuisse,
1081 2023 1280 2062 discimus
1303 2037 1356 2062 ex
1377 2022 1573 2063 Judicum
1602 2022 1712 2064 libro

95 2109 184 2148 cap.
214 2093 302 2143 IX,
346 2097 369 2133 8
390 2118 445 2123 —
468 2099 542 2144 15,
583 2111 665 2150 quo
698 2100 739 2137 in
771 2097 864 2137 loco
896 2097 1203 2151 pulcherrimus
1235 2101 1286 2140 de
1316 2101 1538 2141 arboribus
1568 2114 1712 2155 regem

93 2171 176 2211 sibi
208 2171 447 2212 creantibus
479 2172 683 2228 apologus
716 2177 952 2228 exponitur.
1011 2176 1171 2227 Fuere,
1202 2179 1271 2232 qui
1303 2188 1342 2218 et
1359 2178 1568 2230 fabulas,
1607 2191 1711 2231 quos

93 2247 220 2304 vulgo
250 2249 542 2290 Ramnenses
573 2251 740 2300 dicunt,
771 2253 880 2291 inter
910 2251 1079 2292 Veteris
1106 2253 1369 2295 Testamenti
1400 2255 1532 2296 libros
1563 2254 1711 2294 haberi

90 2327 384 2366 existimarent
412 2332 504 2378 ⁶⁷);
536 2329 577 2367 in
604 2342 777 2382 quarum
800 2342 1021 2368 numerum
1040 2330 1216 2372 Ruthae
1246 2341 1287 2370 et
1309 2331 1527 2373 Esther-ae
1555 2331 1709 2371 librum

90 2401 338 2443 retulerunt.
398 2402 524 2444 Haud
555 2406 724 2459 quidem
755 2406 901 2460 negari
933 2414 1094 2459 potest,
1134 2409 1177 2448 in
1209 2418 1410 2464 utroque,
1455 2410 1638 2449 maxime
1665 2408 1708 2446 in

145 2578 218 2631 67)
260 2580 431 2631 Augusti
461 2581 607 2631 primae
637 2584 766 2623 lineae
797 2584 1101 2623 introductionis
1132 2586 1171 2623 in
1205 2588 1288 2625 vet.
1320 2587 1499 2624 Testem.
1532 2583 1624 2622 edit.
1655 2584 1706 2629 11,

200 2660 235 2695 p.
259 2646 352 2691 217,
385 2646 478 2684 274.
