1958 2947
540 167 593 204 De
623 168 766 215 oriyine
795 173 827 205 ει
854 167 975 205 causis
999 169 1147 214 poeseos
1176 166 1391 204 Hebraicae.
1725 169 1773 205 21

264 273 347 315 His
376 277 668 332 argumentis,
710 277 755 316 ni
784 273 994 324 fallimur,
1037 274 1198 316 affatim
1229 277 1462 326 evincitur,
1493 275 1594 317 Jobi
1620 275 1775 318 librum

149 365 413 408 nequaquam
441 355 782 409 antiquissimum
811 359 992 408 poeseos
1013 351 1254 394 Hebraicae
1284 355 1496 408 specimen
1527 354 1776 395 existiman-

143 430 268 478 dum;
317 440 465 472 contra
503 432 812 473 recentioribus
842 429 1016 472 Veteris
1045 430 1313 473 Testamenti
1351 430 1475 472 libris
1512 445 1608 473 esse
1640 433 1773 473 adnu-

143 509 392 549 merandum
428 516 444 536 ²
458 511 509 564 ⁷).

856 646 895 694 §-
941 640 1038 683 vu.

252 739 377 791 Quod
400 745 437 784 si
460 743 562 786 Jobz·
578 742 714 794 liber,
745 744 872 785 sicuti
895 742 1099 784 hactenus
1124 742 1457 784 demonstratum
1483 741 1587 793 fuit,
1617 757 1768 785 recen-

139 819 318 861 tioribus
340 819 513 863 Veteris
537 821 804 869 Testamenti
831 820 955 862 libris
986 822 1327 862 adnumerandus
1352 823 1429 872 sit,
1461 820 1514 862 ad
1534 821 1765 862 eruendam

135 903 314 952 poeseos
341 898 582 940 Hebraicae
614 901 822 955 originem
853 897 940 939 alia
972 900 1352 953 circumspicienda
1382 907 1506 940 erunt
1533 901 1767 952 specimina

135 977 329 1030 poetica,
379 992 485 1033 quae
524 979 575 1018 ad
615 983 796 1032 poeseos
837 976 1078 1017 Hebraicae
1119 978 1326 1032 originem
1361 979 1531 1033 propius
1565 979 1765 1019 accedere

135 1053 203 1094 vel
225 1056 446 1107 videntur,
478 1055 546 1096 vel
566 1054 717 1096 saltem
739 1064 953 1110 putantur.
1013 1054 1323 1110 Vulgatissima
1343 1057 1453 1096 inter
1478 1057 1592 1096 viros
1614 1056 1763 1097 doctos

135 1142 201 1173 est
221 1136 453 1185 sententia,
483 1135 526 1174 in
551 1133 770 1174 Geneseos
799 1132 910 1173 libro
943 1132 1064 1187 plura
1093 1132 1242 1174 haberi
1273 1136 1532 1175 monimenta
1559 1133 1760 1186 literaria,

139 1225 247 1266 quae
270 1211 414 1253 Mosz‘s
444 1221 623 1252 aetatem
659 1212 1070 1265 transcendant28);
1119 1213 1430 1266 dispiciendum
1451 1214 1603 1267 igitur,
1644 1227 1759 1264 num,

128 1291 309 1344 quaein
341 1289 451 1332 libro
483 1288 558 1330 illo
597 1297 822 1330 occurrunt
858 1290 1072 1340 carmina,
1119 1287 1187 1329 vel
1228 1292 1461 1331 carminum
1502 1289 1754 1346 fragmenta,

187 1470 259 1522 27)
293 1471 353 1508 De
378 1471 472 1509 sobi
502 1471 604 1509 libro
636 1471 851 1524 diligenter
881 1471 1085 1510 admodum
1119 1470 1337 1522 disputavit
1358 1470 1567 1509 Bernstein
1592 1471 1631 1510 in
1655 1472 1752 1510 Kei-

241 1537 286 1575 lii
316 1538 655 1590 Tzschirnerique
685 1539 914 1586 Analectis,
945 1539 992 1577 P.
1012 1539 1093 1585 ΙΙΙ,
1122 1553 1158 1589 p.
1184 1538 1397 1585 1-137;
1443 1552 1466 1577 a
1496 1551 1572 1589 quo
1605 1538 1754 1576 doctis-

240 1605 339 1643 simo
369 1606 454 1645 viro
486 1612 649 1644 eatenus
679 1611 809 1644 tamen
841 1607 1102 1652 discedimus,
1145 1606 1249 1657 quod
1278 1605 1368 1643 libri
1397 1610 1589 1652 aetatem,
1639 1619 1753 1657 quam

239 1673 305 1711 ille
336 1674 386 1710 ad
419 1679 594 1711 extrema
624 1674 735 1711 exilii
766 1673 1002 1723 Babylonici
1032 1680 1209 1723 tempora
1240 1672 1444 1723 deprimit,
1493 1674 1543 1710 ad
1572 1675 1752 1724 proxima

239 1744 330 1778 ante
368 1739 527 1776 exilium
568 1745 745 1790 tempora
787 1740 1029 1786 referamus,
1082 1740 1344 1790 carminisque
1385 1739 1592 1791 prologum
1634 1745 1752 1792 atque

238 1806 461 1858 epilogum,
513 1820 611 1858 quos
642 1807 710 1845 ille
741 1807 1024 1859 suppositicios
1058 1810 1195 1857 putat,
1244 1819 1267 1843 a
1297 1805 1391 1843 sobi
1422 1811 1587 1844 auctore
1617 1807 1749 1858 profe-

237 1879 323 1911 ctos
355 1873 635 1913 existimemus,

181 1961 254 2012 28)
298 1963 502 2002 Geneseos
541 1969 742 2003 auctorem
782 1964 820 2001 in
862 1963 1129 2015 componendo
1167 1960 1268 2000 libro
1311 1961 1599 2014 antiquioribus
1639 1977 1748 2002 usum

233 2030 360 2069 fuisse
390 2031 658 2078 monimentis,
691 2031 931 2069 contendunt
961 2044 1055 2082 prae
1088 2029 1233 2068 ceteris
1265 2029 1378 2067 Rich.
1406 2030 1542 2068 Simon
1572 2031 1750 2071 Histoire

236 2098 405 2149 critique
444 2099 495 2136 du
535 2099 660 2137 Vieux
689 2099 950 2145 Testament‚
995 2098 1021 2136 l.
1051 2098 1081 2144 1,
1124 2109 1158 2133 c.
1194 2095 1242 2142 73
1295 2096 1441 2146 Fleury
1479 2098 1640 2136 Moeurs
1680 2100 1748 2137 des

238 2165 462 2212 israelites,
495 2180 529 2216 p.
552 2165 600 2212 63
639 2166 825 2218 Vitriuga
858 2166 1080 2203 Observatt.
1108 2175 1260 2201 sacrar.
1291 2163 1317 2201 l.
1340 2165 1378 2210 l,
1410 2177 1445 2202 c.
1465 2163 1517 2211 43
1568 2166 1748 2203 Clericus

238 2232 430 2284 Prolegg.
472 2232 510 2269 in
550 2233 635 2270 Vet.
674 2233 866 2270 Foederis
905 2233 1086 2270 translat.
1128 2231 1296 2269 Dissert.
1331 2232 1415 2277 ΙΙΙ,
1463 2232 1511 2269 de
1551 2233 1747 2283 scriptore

237 2299 518 2345 Pentateuclii,
551 2297 586 2351 ᾗ.
614 2299 663 2346 33
709 2300 853 2352 Astruc
893 2300 1152 2351 Conjectures
1193 2311 1261 2334 sur
1290 2298 1347 2336 les
1381 2298 1592 2337 lllemoires
1624 2301 1746 2352 origi—

236 2379 363 2412 naux,
403 2367 498 2403 dont
538 2367 565 2404 il
608 2366 759 2417 parcit,
801 2380 876 2418 que
908 2367 1047 2416 Moyse
1087 2370 1183 2405 s'est
1213 2368 1318 2406 servi
1349 2381 1448 2419 pour
1476 2381 1681 2419 composer
1711 2368 1746 2405 le

233 2433 333 2471 livre
372 2434 419 2471 de
452 2433 632 2480 Genese3
689 2435 754 2472 Jo.
795 2435 883 2472 Jac.
919 2431 1130 2472 Schultens
1170 2435 1340 2473 Dissert.
1383 2449 1459 2486 qua
1502 2435 1745 2486 disquiritur,

236 2501 338 2538 unde
369 2501 504 2539 Moses
544 2514 607 2539 res
648 2502 686 2539 in
724 2501 826 2539 libro
869 2501 1072 2539 Geneseos
1109 2503 1330 2553 descriptas
1373 2502 1580 2547 didicerit3
1633 2502 1744 2553 llgen

237 2568 448 2606 Urkundeu
482 2568 551 2605 des
583 2573 712 2606 ersten
743 2567 878 2606 Buchs
910 2583 984 2607 von
1008 2569 1143 2607 Moses
1171 2569 1210 2606 in
1233 2570 1337 2607 ihrer
1364 2569 1592 2619 Urgestalt3
1626 2568 1742 2606 Eich-

238 2637 334 2673 horn
365 2635 510 2673 lutrod.
544 2635 583 2672 iu
615 2636 697 2673 Vet.
729 2636 909 2674 Testam.
941 2637 987 2674 P.
1010 2637 1058 2682 ΙΙ,
1093 2635 1128 2687 §.
1149 2635 1232 2673 416
1253 2660 1300 2665 —-
1321 2635 1426 2680 4273
1462 2636 1565 2673 Jahn
1598 2636 1746 2675 lntrod.

239 2702 276 2740 in
307 2703 392 2740 Vet.
426 2702 613 2740 Foederis
643 2703 790 2749 libros,
822 2703 868 2741 P.
890 2704 949 2751 ll,
983 2701 1168 2754 §.15-
1193 2701 1266 2749 18,
1309 2702 1469 2752 aliique.
