1968 3095
198 184 253 223 70
831 184 925 222 Pars
956 183 1007 221 11.
1069 183 1160 233 Cap.
1190 182 1220 220 1.

203 293 253 335 In
289 292 403 334 hunc
442 292 614 332 modum
653 291 756 334 Joel
790 293 927 334 diram
963 290 1081 333 illam
1121 292 1284 346 patriae
1324 304 1426 332 suae
1467 304 1542 346 per
1586 289 1841 333 locustarum

209 373 383 427 agmina
415 371 717 419 vastationem,
759 384 867 426 quae
897 372 974 412 sua
1005 370 1159 411 accidit
1189 378 1352 420 aetate,
1392 370 1579 410 numinis
1611 369 1747 410 divini
1776 370 1843 410 ira

211 450 447 490 immissam
479 449 717 502 praedicat,
750 449 1026 503 hortaturque
1055 447 1280 503 populares
1307 463 1424 498 suos,
1457 457 1501 489 ut
1524 446 1844 489 malefactorum

213 527 471 582 poenitentia
515 528 798 582 precibusque
841 527 948 567 iram
990 528 1174 568 divinam
1217 510 1407 568 avertere
1439 526 1652 568 studeant.
1720 525 1847 568 Haud

215 603 336 644 aliter
370 614 411 645 et
441 603 619 646 Jesae‘as
652 607 807 646 damna
836 604 936 656 illa,
981 620 1088 660 quae
1120 604 1301 647 Achazo
1332 607 1591 660 imperante,
1632 604 1744 646 facta
1775 619 1851 659 per

217 684 366 736 Syriae
397 682 654 738 Israelisque
686 698 808 738 reges
841 685 1110 733 incursione,
1156 684 1318 724 Judaea
1348 691 1570 738 acceperat
1599 683 1691 736 ⁵⁹),
1743 668 1852 724 deli-

219 770 384 801 ctorum
415 775 572 815 poenas
605 777 629 801 a
652 761 745 802 Deo
777 761 960 802 inflictas
993 763 1110 812 dicit,
1148 764 1449 817 gravioresque
1480 761 1533 801 ab
1566 759 1754 815 Assyriis
1786 774 1856 802 ca·

216 838 431 879 lamitates
474 838 625 894 populo
667 854 746 881 suo
786 841 1009 881 imminere
1052 842 1288 895 portendit,
1341 842 1424 881 nisi
1464 843 1500 881 is
1541 841 1594 881 ad
1631 838 1854 882 meliorem

218 917 385 972 frugem
413 931 458 958 se
486 920 674 973 recipiat.
736 917 884 972 Neque
913 928 1051 958 tamen
1075 920 1425 973 vituperationem
1446 920 1666 974 minasque
1687 927 1851 960 tantum

217 994 400 1035 fundunt
432 995 686 1050 prophetae3
730 1006 896 1047 contra,
938 998 1102 1050 quoties
1135 995 1358 1051 populares
1388 1011 1489 1037 suos
1521 996 1849 1050 reprehendunt,

219 1075 344 1112 toties
377 1073 466 1112 fere
498 1076 669 1124 eosdem
704 1077 871 1128 erigunt
901 1083 1026 1125 atque
1058 1055 1265 1115 solantur.
1335 1075 1425 1115 Etsi
1465 1073 1644 1128 populus
1673 1073 1757 1115 Dei
1787 1076 1855 1115 in-

217 1153 553 1206 praesentiarum
586 1161 754 1207 propter
784 1151 938 1192 delicta
968 1167 1045 1192 sua
1076 1153 1118 1192 in
1151 1154 1336 1194 miseriis
1367 1156 1582 1203 versetur',
1615 1162 1782 1203 tamen,
1815 1152 1853 1193 si

217 1231 470 1284 resipuerit,
520 1231 659 1272 Deum
701 1233 841 1272 denuo
883 1231 1108 1284 propitium
1149 1230 1349 1280 habebit,
1401 1229 1651 1285 meliorique
1690 1230 1853 1271 fruetur

221 1308 408 1349 fortuna.
470 1310 649 1350 Eveniet
680 1308 932 1363 aliquando,
967 1317 1033 1357 ut,
1067 1322 1174 1362 quae
1206 1307 1404 1363 populum
1437 1307 1699 1348 Hebraicum
1729 1322 1859 1350 vexa-

221 1396 322 1428 runt
351 1396 524 1441 gentes,
558 1403 583 1429 a
615 1387 709 1428 Deo
741 1388 970 1441 puniantur
1001 1385 1296 1442 Hebraeisque
1326 1386 1630 1440 subjiciantur3
1670 1388 1854 1438 eveniet,
1887 1392 1891 1393 ⁷

224 1474 269 1506 ut
299 1465 493 1507 Davc'dae's·
523 1480 575 1507 ex
611 1466 807 1519 prosapia
837 1465 1020 1505 eximius
1051 1464 1203 1520 aliquis
1242 1479 1319 1507 rex
1356 1473 1570 1520 emergat,
1623 1466 1746 1518 cujus
1775 1465 1856 1507 sub

221 1545 401 1598 imperio
432 1543 666 1585 laetissima
699 1542 782 1584 Dei
814 1543 970 1599 populo
1002 1542 1265 1599 affulgebunt
1293 1552 1495 1598 tempora.
1553 1541 1602 1583 In
1630 1542 1743 1584 hunc
1765 1557 1857 1585 mo-

223 1623 330 1664 dum·
355 1622 459 1664 Joel
488 1625 559 1677 (nt
589 1624 766 1673 iisdem,
802 1637 906 1677 quos
933 1624 1022 1676 jam
1053 1620 1343 1673 laudavimus,
1378 1621 1594 1676 prophetis
1628 1621 1856 1664 inhaerea-

222 1703 336 1754 mus)
368 1701 594 1756 populares
618 1716 719 1742 suos
743 1702 1012 1751 consolatur,
1047 1700 1258 1752 futurum,
1291 1703 1328 1742 si
1357 1701 1409 1741 ad
1440 1699 1659 1742 meliorem
1688 1700 1856 1756 frugem

222 1781 453 1830 redierint,
486 1790 530 1821 ut
557 1795 639 1820 non
665 1787 825 1819 tantum
852 1780 1020 1828 damna,
1053 1793 1159 1833 quae
1191 1777 1447 1820 locustarum
1478 1780 1712 1836 irruptione
1742 1780 1856 1834 passi

222 1860 330 1907 sint,
371 1861 685 1907 resarciantur,
731 1872 875 1897 verum
908 1859 1037 1897 etiam
1068 1871 1233 1897 summa
1271 1856 1451 1898 felicitas
1482 1840 1854 1913 ipsiscontingau

223 1944 393 1985 contra,
439 1937 635 1976 inimicae
667 1936 748 1975 Dei
789 1934 943 1988 populo
975 1945 1122 1989 gentes
1155 1936 1420 1989 gravissimis
1450 1947 1476 1973 a
1507 1936 1681 1976 numine
1709 1936 1854 1976 divino

223 2015 374 2068 poenis
405 2013 672 2054 adficiantur.
734 2013 859 2053 Haud
891 2012 1013 2054 aliter
1045 2022 1085 2052 et
1114 2012 1315 2062 Jesae'as,
1357 2011 1556 2067 populum
1589 2027 1708 2054 suum
1741 2024 1855 2068 post-

225 2106 348 2146 quam
381 2094 606 2146 corripuit,
639 2093 818 2132 eundem
851 2092 1115 2140 consolatur,
1146 2101 1393 2132 exorturum
1425 2090 1652 2145 aliquando
1678 2089 1857 2132 Davidis

226 2184 281 2211 ex
311 2171 506 2225 prosapia
528 2185 670 2225 regem
703 2172 844 2225 pium,
873 2173 1058 2224 justum,
1090 2173 1348 2224 sapientem,
1380 2168 1506 2224 longe
1531 2168 1698 2223 lateque
1721 2170 1857 2211 domi-

227 2257 421 2298 nantem,
453 2263 534 2303 quo
566 2259 732 2304 sceptra
765 2257 934 2290 tenente
964 2262 1112 2290 omnes
1145 2259 1292 2304 gentes
1316 2247 1526 2288 Hebraeis
1559 2247 1856 2301 subjicientur,

227 2324 543 2381 laetissim'aque
574 2327 639 2367 his
672 2337 861 2382 tempora
891 2326 1157 2382 all'ulgebunt
1187 2331 1267 2380 ⁰⁰).
1337 2325 1461 2374 Quod
1491 2327 1526 2366 si
1558 2327 1700 2379 paucis
1731 2340 1856 2367 omne

227 2406 522 2445 vaticiniorum
571 2405 881 2447 llebraicorum
930 2417 1225 2460 argumentum
1276 2417 1493 2458 exponere
1543 2402 1648 2445 velis
1669 2432 1682 2453 ,
1738 2402 1857 2444 brevi

226 2482 306 2523 hac
345 2483 588 2524 absolvetur
628 2487 864 2526 sententia:
912 2485 1111 2540 populum
1144 2483 1406 2524 Hebraicum
1445 2481 1613 2524 felicem
1653 2482 1856 2532 futurum,

281 2642 746 2691 59).10s.1,4—9,
791 2645 884 2690 vn,
918 2645 964 2685 l,
997 2646 1033 2681 2.

282 2718 356 2767 60)
395 2722 478 2760 Jes.
510 2722 584 2764 ΙΧ,
618 2721 671 2764 5,
703 2723 753 2764 6,
791 2723 868 2767 xl,
908 2723 920 2759 l
958 2735 1066 2772 sequ.
