1958 2947
258 153 309 190 De
341 159 555 201 aryumemo
582 153 804 200 diversisque
831 153 1021 199 generibus
1051 151 1257 187 carminum
1290 149 1567 187 Hebraicomm.
1668 147 1715 184 61

101 263 261 304 sensio.
320 261 429 303 Ante
459 263 602 303 omnia
626 261 860 317 quaesitum
889 260 988 310 fuit,
1021 269 1158 301 utrum
1193 258 1386 300 mirabile
1416 257 1523 300 illud
1553 272 1723 300 carmen

102 356 229 382 sensu
275 341 440 396 proprio
483 341 537 380 sit
579 340 903 394 accipiendum,
968 352 1021 379 an
1069 337 1298 394 allegorice
1346 338 1722 392 interpretandum.

101 419 376 474 Antiquiores
406 418 663 458 Judaeorum
704 428 745 457 et
777 415 1115 457 Christianorum
1154 418 1404 471 interpretes
1437 426 1597 457 tantum
1635 431 1721 457 non

102 512 249 539 omnes
282 511 447 538 sensum
482 495 755 551 allegoricum
788 498 958 535 cantico
989 499 1254 535 canticorum
1293 495 1433 534 inesse
1465 503 1720 538 statuerunt.

101 575 173 617 Sic
195 576 322 617 Abeu
344 575 459 616 Esra
490 576 530 615 in
565 574 828 629 praefatione
860 573 1152 613 commentarii
1182 573 1246 612 sui
1277 573 1319 612 in
1352 574 1558 613 canticum
1591 575 1721 614 canti-

102 668 245 694 corum
270 656 357 695 ait:
400 655 451 698 ἓν
485 664 541 696 tm
575 664 617 694 *z
650 665 747 708 pun-1
778 662 910 697 ”in-12
941 662 1107 696 πυνωπ
1139 662 1224 697 νυ.)
1257 652 1381 695 nim-ib
1415 652 1549 696 rib'bn
1585 655 1718 698 ribwbn

100 735 252 790 πρὶν-ινα
278 735 364 776 τῶν
387 745 474 787 rm
501 745 629 788 ωπρη
651 743 758 774 *nt-22
783 741 887 774 5³02
912 741 1020 772 ποτε
1045 731 1100 774 sb
1124 733 1257 774 mim:
1282 731 1354 775 hwa
1377 731 1486 775 ’bibi
1512 733 1603 775 ⁷:207:
1630 740 1719 788 Τπτ

98 813 127 853 i.
150 827 185 853 e.
217 811 348 863 absit,
381 811 516 861 absit,
549 821 593 851 ut
615 811 822 867 canticum
845 809 1104 848 canticorum
1135 809 1187 849 de
1215 823 1358 850 amore
1388 809 1575 850 sensuali
1599 821 1719 865 agat3

98 897 243 929 contra
269 888 496 944 allegorice
526 890 669 929 omnia
698 888 942 942 accipienda
972 895 1083 928 sunt.
1143 887 1239 929 Nisi
1270 890 1381 929 enim
1412 889 1596 929 maxima
1627 891 1721 943 ejus

95 976 207 1008 esset
239 969 509 1023 praestantia,
544 981 805 1022 nequaquam
838 967 880 1006 in
911 965 1113 1007 librorum
1145 981 1360 1008 sacrorum
1392 982 1542 1022 corpus
1570 967 1722 1009 fuisset

97 1045 298 1098 relatum3
333 1060 468 1101 neque
496 1045 583 1086 ulla
615 1046 666 1085 de
697 1059 746 1084 eo
776 1046 998 1085 dissensio.
1031 1069 1079 1074 -
1123 1045 1189 1086 Ex
1221 1045 1478 1087 Judaeorum
1511 1048 1720 1087 sententia

97 1126 282 1165 numinis
313 1125 445 1165 divini
485 1123 709 1179 populique
742 1123 946 1164 Hebraici
990 1132 1156 1164 mutuus
1196 1138 1314 1164 amor
1353 1125 1396 1164 in
1439 1125 1602 1164 cantico
1643 1123 1719 1165 illo

95 1202 370 1251 describitur3
420 1212 567 1243 contra
599 1201 855 1252 Christiani,
903 1200 1129 1242 salvatoris
1169 1203 1234 1242 sui
1275 1200 1562 1257 ecclesiaeque
1593 1201 1720 1244 Chri-

95 1283 258 1322 stianae
290 1295 456 1322 amores
488 1281 720 1336 praedicari
746 1281 1062 1320 existimarunt.
1122 1278 1418 1321 Recentiorum
1442 1282 1718 1336 interpretum

95 1358 282 1415 plerique
324 1358 579 1414 allegoricae
616 1360 957 1414 interpretationi
997 1361 1316 1410 renuntiarunt,
1368 1368 1409 1399 et
1441 1361 1611 1401 nonnisi
1640 1359 1721 1401 hm-

96 1451 246 1479 manos
286 1453 450 1480 amores
491 1440 534 1479 in
576 1442 746 1480 cantico
788 1441 1052 1478 canticorum
1091 1438 1261 1492 depingi
1304 1438 1579 1478 contendunt.
1652 1437 1720 1478 Ad

95 1517 410 1569 dijudicandam
443 1517 550 1558 hanc
580 1516 698 1558 litem
731 1531 905 1557 necesse
936 1517 1101 1557 videtur
1132 1518 1339 1565 rationes,
1371 1515 1522 1570 quibus
1544 1523 1719 1570 utraque

93 1593 264 1635 fulcitur
297 1598 530 1646 sententia,
578 1596 761 1636 breviter
794 1609 1024 1649 exponere.
1061 1626 1068 1629 »
1097 1593 1180 1643 Qui
1212 1598 1425 1634 canticum
1456 1597 1720 1635 canticorum

94 1671 322 1727 allegorice
355 1675 713 1728 interpretandum
755 1687 848 1713 esse
887 1680 1102 1721 statuunt,
1154 1670 1220 1712 his
1251 1672 1340 1712 fere
1372 1672 1562 1711 nituntur
1592 1673 1721 1712 ratio-

95 1749 241 1791 nibus:
296 1750 335 1803 Ι)
369 1751 453 1801 Qui
485 1753 639 1793 veteris
669 1750 931 1791 Testamenti
969 1749 1102 1790 libros
1139 1751 1181 1789 in
1218 1764 1346 1790 unum
1379 1764 1556 1804 corpus,
1606 1750 1717 1804 quod

94 1842 296 1869 canonem
345 1828 469 1884 vulgo
513 1830 681 1879 dicunt,
740 1830 1017 1884 redegerunt,
1068 1829 1111 1869 id
1152 1829 1418 1882 potissimum
1462 1837 1716 1882 spectarunt,

91 1915 135 1947 ut
167 1908 337 1947 nonnisi
372 1921 445 1948 eos
474 1907 743 1948 admitterent
772 1905 929 1957 libros,
974 1908 1044 1962 qui
1071 1907 1123 1947 ad
1158 1905 1406 1961 religionem
1438 1908 1712 1961 pertinerent.

95 1983 219 2033 Quod
264 1987 299 2025 si
340 1999 441 2026 vero
491 1991 658 2027 cantica·
696 1990 960 2026 canticorum
1009 1994 1302 2040 argumentum
1347 1987 1392 2026 in
1436 1986 1715 2040 depingendis

93 2061 287 2103 humanis
319 2063 535 2104 amoribus
569 2074 830 2114 versaretur,
863 2065 932 2122 qui
963 2062 1056 2104 fieri
1090 2066 1248 2119 potuit,
1283 2073 1327 2104 ut
1358 2065 1468 2105 inter
1497 2063 1631 2104 libros
1662 2064 1714 2105 ad

92 2139 341 2194 religionem
375 2142 632 2195 pertinentes
663 2142 947 2196 reciperetur?
1001 2142 1145 2194 Quare
1178 2157 1351 2183 necesse
1382 2152 1468 2193 est,
1514 2151 1559 2183 ut
1589 2141 1714 2184 altior

92 2219 267 2259 carmini
300 2217 362 2259 illi
395 2221 495 2260 insit
526 2234 697 2267 sensus,
746 2234 931 2261 amorem
973 2220 1224 2271 coelestem,
1275 2222 1463 2262 divinum
1501 2232 1713 2276 spectans.

41 2306 47 2309 ”
91 2295 150 2349 ΙΙ)
182 2296 354 2338 Veteris
385 2296 649 2338 Testamenti
680 2307 872 2339 auctores
903 2300 1150 2354 saepissime
1190 2298 1372 2355 figurata
1409 2309 1580 2341 utuntur
1615 2313 1710 2339 ora-

91 2375 236 2422 tione3
285 2377 478 2430 inprimis
516 2386 656 2417 autem
694 2375 798 2418 illud
839 2379 1160 2428 commercium,
1209 2378 1320 2434 quod
1351 2379 1460 2419 inter
1491 2381 1637 2420 Jovam
1669 2384 1712 2416 et

91 2450 287 2506 populum
318 2452 577 2495 Hebraicum
607 2457 868 2497 intercedere
899 2455 1172 2508 credebatur,
1204 2458 1392 2512 conjugii
1417 2459 1546 2497 instar
1567 2455 1712 2495 existi-

91 2537 206 2570 mant
232 2533 319 2583 56);
353 2546 434 2586 quo
460 2531 527 2581 fit,
561 2541 604 2573 ut
632 2533 828 2589 populum
858 2550 882 2575 a
912 2535 1042 2576 Jovae
1075 2535 1188 2580 cultu
1221 2534 1485 2577 deficientem
1514 2530 1711 2573 adulterii

147 2685 220 2737 56)
250 2689 332 2727 Jes.
366 2690 466 2738 LIV,
494 2688 542 2738 ὃς
573 2690 716 2730 Jerem.
745 2693 801 2739 ΙΙ,
833 2693 881 2739 2;
922 2694 1016 2732 Hos.
1046 2695 1103 2740 ΙΙ,
1139 2693 1201 2731 19.
