1968 3095
217 180 295 219 tto
827 181 919 218 Pars
947 180 1020 216 111.
1082 180 1174 228 Cap.
1203 180 1235 216 1.

212 291 305 344 ipso
334 301 497 329 summa
527 293 706 343 poeseos
741 287 983 330 Hebraicae
1012 287 1260 344 simplicitas
1291 275 1587 344 conspiciatur.
1647 287 1844 346 Namque

214 369 418 410 orationis
448 366 694 422 simplicitas
736 380 820 408 non
856 368 899 407 in
942 379 993 407 eo
1024 369 1232 418 cernitur,
1274 376 1320 408 ut
1362 368 1615 409 sententiam
1658 353 1842 423 aliqua-m

215 447 436 503 projicias,
486 459 622 501 neque
653 460 801 497 cures,
842 455 983 488 utrum
1019 446 1206 488 audienti
1237 445 1304 486 vel
1333 444 1490 501 legenti
1521 446 1626 487 satis
1657 448 1712 486 sit
1744 459 1842 501 per-

215 528 384 580 spicua,
428 539 480 564 an
522 525 681 572 minus3
723 533 869 566 contra
907 524 1157 580 simplicitas
1198 538 1368 579 semper
1409 539 1503 565 cum
1542 525 1843 579 perspicuitate

214 605 418 644 orationis
450 604 676 657 conjuncta
712 612 790 645 est.
858 604 951 645 Jam
988 618 1087 644 vero
1118 602 1331 653 Hebraei,
1371 605 1495 644 sicuti
1526 617 1674 644 omnes
1708 602 1845 644 homi-

215 698 290 725 nes
321 680 624 737 simpliciores,
657 697 681 721 a
707 681 1026 722 definitionibus
1059 691 1183 736 atque
1215 681 1661 732 demonstrationibus,
1694 680 1845 736 quibus

216 764 411 803 notiones
442 769 565 814 atque
597 761 835 800 sententiae
867 759 1076 801 illustrari
1113 759 1366 814 probarique
1396 757 1562 810 solent,
1593 759 1853 821 alienissimi!

216 849 338 892 sunt3
381 853 515 894 neque
548 840 589 879 id
619 853 754 894 genus
785 840 1067 893 expositionis
1097 840 1279 880 orationi
1311 839 1505 892 poeticae
1534 839 1708 880 omnino
1740 851 1845 878 con-

217 922 391 960 veniret.
473 915 595 965 Quod
628 919 756 971 igitur
786 920 968 972 pictores
999 916 1160 967 solent,
1195 917 1266 971 qui
1295 914 1461 958 tabulas
1492 930 1591 957 suas
1635 915 1717 956 huc
1746 914 1847 957 illuc

217 1006 411 1047 vertunt,
444 1005 489 1036 ut
515 995 859 1036 commodissima
878 994 971 1040 luce
994 995 1319 1045 collustrentur,
1352 994 1464 1036 idem
1485 1002 1528 1034 et:
1549 993 1846 1035 Hebraeorum

215 1082 365 1132 poetae
397 1073 583 1124 faciunt,
626 1074 804 1114 eandem
844 1088 995 1128 nempe
1035 1075 1291 1115 sententiam
1325 1073 1504 1114 diversis
1535 1072 1672 1112 modis
1703 1071 1848 1125 expri-

216 1162 358 1203 munt,
392 1166 473 1208 quo
510 1153 644 1207 magis
679 1153 729 1192 ea
761 1153 924 1192 ratione
954 1150 1190 1194 illustretur
1220 1162 1345 1206 atque
1377 1150 1664 1194 confirmetur.
1696 1147 1846 1204 Neque

216 1232 292 1273 illa
334 1232 526 1285 ejusdem
567 1232 806 1272 sententiae
850 1232 1044 1285 repetitio
1092 1232 1296 1272 orationis
1347 1243 1506 1271 nexum
1555 1228 1720 1279 turbat,
1775 1235 1846 1268 aut

216 1310 348 1353 ullam
378 1309 528 1351 lectori
559 1308 797 1351 molestiam
829 1308 1029 1357 exhibet3
1071 1319 1219 1350 contra
1251 1323 1345 1349 cum
1377 1308 1646 1360 symmetriae
1678 1305 1845 1360 legibus

219 1391 417 1431 adstricta
449 1390 527 1438 sit,
554 1388 865 1442 jucundissima
896 1387 1062 1427 videtur
1090 1389 1173 1439 ⁸⁶).
1233 1386 1346 1427 Hinc
1376 1386 1574 1436 efficitur,
1605 1384 1846 1440 parallelis·

217 1483 333 1510 mum
365 1480 645 1521 synonymum
677 1466 881 1506 orationis
922 1467 1112 1519 poeticae
1152 1462 1413 1517 simplicitati
1452 1478 1715 1518 nequaquam
1748 1462 1845 1504 offi-

218 1562 329 1589 cere.
390 1544 539 1600 Neque
572 1554 709 1585 tamen
743 1543 1037 1592 infitiandum,
1068 1543 1252 1583 seriores
1286 1541 1580 1582 Hebraeorum
1614 1547 1757 1596 poetas
1788 1541 1842 1583 ab

219 1625 501 1680 antiquiorum
526 1621 795 1677 simplicitate
818 1621 1079 1676 aliquantum
1111 1621 1363 1668 descivisse3
1395 1621 1438 1661 id
1461 1620 1570 1674 quod
1594 1620 1646 1660 de
1670 1620 1844 1661 serioris

219 1705 315 1743 aevi
350 1701 590 1757 prophetis,
629 1702 816 1741 maxime
846 1714 948 1740 vero
981 1700 1032 1740 de
1062 1697 1300 1741 Ezechiele
1330 1699 1690 1753 praedicaverim,
1723 1699 1845 1751 cujus

218 1780 374 1835 stylum
416 1779 528 1820 haud
565 1793 661 1820 raro
701 1780 983 1830 adfectatum,
1024 1778 1272 1829 confusum,
1321 1777 1547 1831 nimiisque
1587 1778 1846 1819 ornamentis

219 1859 479 1902 cumulatum
510 1858 814 1913 deprehendes.

908 1971 946 2018 ς.
986 1966 1153 2008 wa.

335 2059 528 2101 Alterum
557 2059 722 2099 dicendi
754 2072 911 2113 genus,
957 2058 999 2097 in
1031 2055 1325 2097 Hebraeorum
1368 2055 1627 2097 carminibus
1658 2056 1845 2108 obvium,

223 2142 531 2182 sententiosum
562 2146 648 2189 est,
680 2138 789 2192 quod
822 2152 913 2176 cum
945 2137 1102 2191 priori,
1150 2134 1333 2190 simplici
1365 2149 1538 2189 nempe,
1584 2137 1842 2190 conjunctis-

223 2221 399 2265 simum,
432 2218 518 2256 imo
550 2230 601 2256 ex
636 2214 708 2255 illo
741 2215 946 2270 originem
979 2215 1161 2254 traxisse
1193 2214 1369 2254 videtur.
1430 2213 1578 2254 Solent
1606 2216 1741 2265 enim,
1774 2216 1844 2270 qui

223 2296 405 2350 simplici
438 2303 608 2335 utuntur
641 2307 860 2343 sermone,
894 2291 1043 2333 breves
1077 2307 1184 2341 esse,
1217 2306 1351 2347 neque
1375 2293 1558 2346 periodis
1589 2291 1845 2342 artificiosis,

226 2374 298 2414 sed
342 2375 561 2413 sententiis
605 2371 754 2412 leviter
794 2374 903 2412 inter
951 2386 995 2411 sc
1035 2372 1239 2412 connexis
1280 2371 1408 2409 animi
1448 2383 1599 2411 sensus
1642 2371 1846 2425 proferre.

228 2452 322 2492 lIoc
350 2452 517 2492 dicendi
555 2464 711 2505 genere
744 2451 1005 2506 antiquitatis
1036 2450 1296 2504 potissimum
1325 2450 1536 2503 sapientes
1568 2449 1633 2491 usi
1674 2458 1771 2492 sunt
1802 2450 1843 2489 in

286 2654 360 2705 86)
404 2656 462 2693 De
515 2653 767 2705 parallelisini
823 2652 965 2702 pontici
1020 2653 1150 2690 indole
1201 2652 1360 2690 niu-rius
1412 2652 1694 2703 disputabimus
1741 2651 1845 2690 infra

343 2729 454 2771 purte
490 2723 559 2768 lV‚
600 2722 662 2759 ubi
696 2722 743 2758 de
775 2722 934 2758 externa
967 2721 1176 2757 carminum
1212 2720 1491 2758 llelnraicornm
1534 2719 1655 2757 forma*
1689 2724 1844 2770 agetur.

1947 2751 1959 2786 ψ’
