1958 2947
288 104 342 142 De
372 111 585 153 arqumento
616 105 836 152 diversisque
865 105 1054 152 generibus
1083 105 1288 142 carminum
1319 104 1595 142 Hebraicorum.
1701 105 1753 142 73

138 211 328 268 tholegia
379 227 501 268 quam
545 211 751 266 plurimae
797 211 956 266 lyricae
1006 214 1385 267 poeseosspecies
1428 212 1596 253 obviam
1635 222 1755 260 sunt;

137 290 346 331 habentur
378 291 490 330 enim
520 289 608 330 illic
638 289 807 342 hymni,
840 291 973 340 odae,
1006 292 1169 331 cantica
1199 299 1241 330 et
1272 289 1448 346 elegiae.
1510 289 1756 332 Carminum

136 366 419 423 elegiacorum
450 382 627 423 magnus
659 366 758 407 olim
790 381 991 407 numerus
1032 368 1142 422 apud
1183 367 1405 409 Hebraeos
1443 369 1655 409 exstitisse
1692 369 1756 408 vi-

134 447 269 487 detur.
336 444 430 487 Jam
460 447 569 486 inter
601 445 785 500 psalmos
816 445 1183 499 frequentissimae
1215 444 1400 500 elegiae3
1452 445 1603 501 quibus
1634 460 1756 487 acce-

134 524 237 564 dunt
265 523 484 565 Jeremz'ae
516 523 746 578 prophetae
777 522 947 572 threni,
981 522 1172 564 Davz‘dz‘s
1200 525 1243 563 in
1275 522 1406 564 Saule·
1432 532 1473 563 et
1493 523 1757 566 Jonalham's

132 616 209 642 nec
231 616 313 642 non
327 601 501 643 Abnerz·
519 601 676 642 obitum
700 603 888 642 carmina
910 599 1107 656 lugubria
1135 601 1216 654 63).
1255 599 1389 651 Adde,
1419 603 1527 656 quod
1555 601 1753 644 2Chron.

132 679 331 730 XXXV,
364 683 435 730 25,
480 681 834 720 lamentationum
866 680 1062 729 nomine,
1103 691 1279 734 Πυᾫπ,
1321 677 1516 719 volumen
1547 694 1755 721 memora-

132 765 227 807 tur,
269 759 313 798 in
345 772 426 812 quo
455 756 675 798 Jeremz'ae
706 755 966 812 aliorumque
1005 763 1224 812 poetarum
1265 757 1452 813 elegiaca
1492 760 1679 799 carmina
1708 760 1752 800 in

131 835 284 877 Josz'ae
321 837 433 890 regis
473 835 632 876 obitum
673 834 1007 876 continebantur.
1078 835 1205 875 Haud
1248 837 1416 891 quidem
1455 836 1634 887 desunt,
1682 839 1754 892 qui

131 912 455 954 lamentationes
494 912 571 954 has
613 912 725 955 haud
765 914 955 955 diversas
996 927 1020 952 a
1069 912 1289 954 Jeremz'ae
1334 913 1527 964 threnis,
1573 916 1644 969 qui
1678 916 1752 956 ad-

129 993 211 1033 huc
241 993 485 1047 superstites
516 999 635 1040 sunt,
676 993 946 1039 existiment3
988 1006 1108 1046 quam
1140 993 1391 1032 sententiam
1419 993 1508 1045 jam
1541 991 1754 1047 Josephus

130 1078 172 1109 et
202 1069 489 1122 Hieronymus
519 1071 750 1124 praeivere.
822 1070 989 1109 Etenim
1018 1068 1230 1123 ,Iosephus
1259 1068 1462 1123 Antiquit.
1492 1068 1519 1110 l.
1543 1070 1611 1120 X,
1646 1085 1681 1111 c.
1709 1075 1750 1121 5,

127 1156 360 1187 memorato
399 1146 542 1187 Josiae
583 1147 697 1188 obitu
738 1148 886 1188 tradit:
931 1147 1124 1202 Ἱερεμίας
1164 1145 1207 1187 δ’
1234 1143 1254 1186 ὅ
1286 1146 1500 1202 προφήτης
1529 1147 1752 1202 ἐπικήδειον

129 1223 257 1265 αὐτοῦ
298 1224 483 1272 συνέταξε
522 1226 645 1277 μέλος
675 1225 954 1280 θρηνητικὸν,
996 1223 1017 1265 ὃ
1050 1225 1116 1266 καὶ
1154 1226 1274 1278 μέχρι
1307 1228 1379 1265 νῦν
1408 1224 1603 1278 διαμένει,
1652 1229 1679 1268 i.
1711 1241 1750 1268 e.

127 1303 333 1343 Jeremias
364 1311 501 1343 autem
534 1303 740 1357 propheta
771 1305 813 1344 in
846 1304 973 1344 funus
1005 1304 1098 1356 ejus
1137 1302 1328 1357 (Josiae)
1371 1317 1538 1343 carmen
1570 1302 1751 1359 lugubre

130 1380 340 1429 condidit,
388 1381 499 1435 quod
531 1382 758 1422 etiamnum
798 1390 1006 1436 superest.
1077 1380 1200 1421 Haud
1233 1379 1354 1421 aliter
1385 1381 1674 1435 Hieronymus
1708 1384 1750 1423 in

127 1459 426 1498 commentario
468 1459 518 1498 ad
554 1458 729 1499 Zachar.
762 1459 877 1511 XII,
911 1464 982 1499 11:
1024 1458 1202 1512 „Super
1232 1473 1312 1514 quo
1344 1458 1512 1512 (Josiec)
1543 1459 1750 1501 lamenta-

127 1535 264 1576 tiones
296 1537 463 1590 scripsit
493 1536 733 1586 Jeremz'as,
777 1551 883 1591 quae
915 1537 1114 1591 leguntur
1144 1538 1189 1576 in
1220 1535 1427 1587 ecclesia,
1460 1547 1501 1578 et
1530 1541 1750 1593 scripsisse

128 1627 245 1662 eum,
290 1613 632 1668 paralipomenon
665 1623 843 1655 testatur
874 1613 1040 1655 liber.“
1098 1613 1330 1668 Josephum
1358 1615 1748 1670 He'eronymumque

127 1699 168 1730 et
189 1693 467 1731 recentiorum
500 1691 689 1732 nonnulli
716 1693 848 1732 secuti
872 1701 991 1740 sunt3
1024 1705 1201 1746 quorum
1233 1700 1370 1732 tamen
1403 1695 1637 1733 sententiae
1665 1708 1746 1748 quo

127 1770 266 1808 minus
298 1770 544 1810 accedamus
572 1770 735 1819 obstat,
780 1771 890 1825 quod
928 1771 970 1810 in
1002 1769 1222 1810 Jeremz‘ae
1253 1769 1420 1811 threnis
1449 1771 1747 1825 superstitibus

127 1844 232 1885 nihil
265 1848 438 1887 omnino
462 1849 721 1902 reperiatur,
752 1848 863 1902 quod
895 1848 946 1888 ad
976 1849 1135 1888 Josz'am
1166 1849 1384 1888 commode
1416 1850 1550 1903 possit
1579 1849 1745 1889 referri.

126 1921 245 1963 Nihil
275 1923 361 1964 illic
392 1925 442 1965 de
472 1927 620 1979 optimi
651 1927 763 1980 regis
793 1927 946 1980 pietate
975 1927 1017 1966 in
1049 1925 1213 1975 Deum,
1261 1924 1368 1965 nihil
1402 1926 1452 1966 de
1484 1925 1627 1981 templi
1659 1926 1747 1967 cul-

126 2009 274 2056 tusque
306 2003 435 2042 divini
465 2005 753 2054 restitutione,
787 2002 894 2044 nihil
916 2003 967 2044 de
986 2004 1227 2044 tristissima
1259 2004 1351 2056 ejus
1382 2004 1423 2043 in
1457 2003 1569 2045 bello
1601 2014 1746 2045 contra

127 2077 396 2130 Nechonwz,
427 2079 606 2135 Aegypti
638 2096 805 2136 regem,
838 2091 999 2131 morte3
1037 2095 1142 2134 quae
1172 2081 1360 2135 profecto
1393 2095 1652 2138 nequaquam
1682 2084 1744 2122 si-

126 2155 256 2197 lentio
295 2159 601 2212 praetereunda
635 2168 779 2209 erant,
824 2160 859 2199 si
894 2160 1080 2200 carmina
1119 2157 1191 2199 illa
1230 2161 1274 2200 in
1313 2162 1558 2201 memoriam
1598 2161 1743 2203 Josz‘ae

127 2236 358 2290 composita
388 2236 578 2277 fuissent.

181 2492 254 2544 63)
299 2494 322 2530 2
346 2495 451 2532 Sam.
478 2495 512 2541 l,
547 2494 598 2532 19
620 2517 669 2523 —
692 2495 766 2542 27,
814 2496 891 2543 ΙΙΙ,
923 2495 997 2543 33,
1029 2496 1096 2536 34.
1173 2499 1286 2540 Quae
1327 2497 1366 2535 in
1406 2494 1617 2547 posteriori
1650 2495 1739 2533 loco

237 2561 445 2598 traduntur
475 2561 638 2599 Davidis
671 2563 709 2600 in
741 2564 885 2601 Abneri
917 2564 1060 2602 obitum
1093 2565 1233 2612 verba,
1286 2563 1439 2602 nonnisi
1480 2562 1738 2614 fragmentum

237 2628 430 2681 longioris
464 2629 647 2690 carminis
681 2631 851 2682 elegiaci
884 2645 972 2669 esse
1003 2632 1195 2671 videntur.
