1968 3095
222 171 277 209 96
838 173 932 211 Pars
962 174 1015 211 11.
1077 173 1168 223 Cap.
1199 173 1250 210 ΙΙ.

954 284 993 333 ᾗ.
1033 282 1131 324 LV.

337 373 513 414 Praeter
544 385 596 412 ea
614 401 627 423 ‚
676 385 785 428 quae
815 386 893 428 pro
927 373 1166 428 argumenti
1197 371 1443 413 diversitate
1471 369 1640 414 Arabes
1670 380 1863 416 statuunt

223 452 457 493 carminum
488 463 672 504 genera,
704 450 914 492 habentur
947 460 988 493 et
1015 450 1128 502 alia,
1169 464 1277 506 quae
1305 459 1346 491 et
1375 458 1668 505 argumentum
1700 460 1743 492 et
1772 451 1862 494 for-

222 545 333 572 mam
366 527 494 570 simul
525 539 716 584 spectare
748 530 969 582 videntur-3
1006 531 1048 571 in
1080 528 1233 584 quibus
1265 528 1445 570 Kasida
1475 538 1518 570 et
1553 527 1740 571 Glaazal.
1791 529 1862 572 De

222 607 430 650 Kasz'dae
460 608 632 648 nomine
671 617 713 648 et
752 607 897 649 indole
928 610 971 649 in
1005 609 1194 649 diversas
1234 617 1374 662 partes
1414 609 1599 648 virorum
1639 608 1859 651 doctorum

221 687 459 728 sententiae
491 685 664 727 abeunt.
736 684 994 729 Sche'razius
1034 688 1076 728 in
1108 685 1284 727 scholiis
1312 686 1365 727 ad
1398 685 1584 728 Haririi
1612 700 1858 729 consessum

223 774 372 817 XLIII
413 776 465 817 de
507 774 674 817 Kasida
714 775 820 817 haec
860 777 1011 818 docet:
1067 765 1229 821 toxa-„ss
1263 785 1389 830 &aad
1426 777 1573 840 fta-„ss
1607 765 1679 842 ᾧ»
1714 784 1862 822 eom,

219 879 338 943 ..Μ
374 897 440 944 &a
476 879 590 942 Qe-
623 898 693 944 02
733 877 907 938 taba„
946 879 1097 941 tosta.
1132 864 1226 936 εἰ»,
1264 876 1383 936 Lam
1427 882 1498 936 ὼε
1542 877 1677 940 φῶ
1716 878 1859 937 ³522>

219 979 245 1019 i.
277 993 313 1018 e.
347 978 543 1028 „dicitur
574 977 776 1028 Kasida,
825 979 934 1034 quod
966 984 1090 1034 poeta
1121 980 1215 1033 ejus
1246 978 1595 1033 compositionem
1635 977 1718 1019 sibi
1758 992 1861 1034 pro·

221 1066 372 1112 ponat,
402 1065 443 1096 et
465 1057 518 1097 ad
544 1071 636 1097 eam
662 1057 925 1097 condendam
953 1059 1139 1097 animum
1162 1057 1379 1105 intendat,
1413 1065 1453 1096 et
1474 1055 1698 1111 abrumpat
1719 1058 1856 1113 quasi,

217 1150 294 1177 seu
336 1134 559 1176 abscindat
599 1133 715 1175 illam
755 1134 808 1175 ab
842 1133 937 1175 aliis
968 1136 1176 1176 orationis
1206 1133 1477 1189 generibus“
1512 1133 1595 1187 ⁷⁹).
1666 1132 1714 1175 In
1746 1133 1858 1176 hanc

216 1215 471 1255 sententiam
511 1222 552 1254 et
580 1212 769 1254 Arabum
807 1222 848 1253 et
883 1215 1135 1253 nostratium
1168 1227 1291 1268 quam
1327 1211 1498 1267 plurimi
1535 1212 1857 1253 descenderunt.

219 1292 304 1333 Sed
339 1306 489 1332 vereor
518 1306 595 1341 ne,
629 1293 815 1333 admissa
849 1289 923 1331 illa
954 1292 1330 1345 interpretatione,
1364 1291 1506 1330 omnia
1535 1291 1577 1330 in
1611 1292 1858 1331 universum

217 1372 407 1411 carmina
437 1369 640 1411 Kasidae
670 1371 753 1410 dici
786 1371 962 1424 possint.
1037 1369 1207 1411 Etenim
1248 1370 1341 1424 quis
1381 1383 1464 1409 non
1498 1369 1636 1420 videt,
1685 1373 1857 1422 poetam

217 1450 508 1503 cujuscunque
539 1449 738 1489 carminis
771 1449 1120 1502 compositionem
1153 1447 1234 1488 sibi
1268 1461 1530 1502 proponere,
1578 1446 1631 1488 ad
1669 1447 1858 1488 conden-

219 1528 318 1569 dum
350 1534 519 1567 carmen
551 1528 736 1567 animum
769 1528 1014 1577 intendere,
1057 1525 1245 1581 illudque
1280 1524 1332 1565 ab
1363 1524 1460 1566 aliis
1492 1526 1695 1566 orationis
1726 1538 1857 1580 gene-

216 1605 335 1647 ribus
376 1603 640 1645 abscindere.
713 1603 793 1645 Alii
824 1605 888 1659 so)
922 1605 1141 1646 Kar-idam
1172 1605 1270 1645 inde
1304 1602 1558 1658 appellatam
1592 1604 1854 1654 existimant,

219 1684 328 1739 quod
354 1683 553 1734 verbum,
588 1697 669 1738 quo
696 1689 847 1738 poetae
879 1684 1091 1735 indicant,
1121 1698 1166 1724 se
1189 1685 1238 1724 ad
1267 1683 1440 1723 heroem
1470 1683 1513 1723 in
1539 1682 1716 1724 Kasida
1746 1680 1858 1723 cele·-

221 1763 429 1804 brandum
462 1776 714 1817 properare,
752 1762 964 1816 proprium
996 1763 1051 1802 sit
1081 1769 1206 1822 „2033
1248 1760 1322 1802 alii
1354 1762 1534 1817 denique
1565 1775 1589 1801 a
1621 1761 1856 1802 carminum

218 1853 537 1908 pangendorum
571 1850 911 1907 significatione,
955 1865 1078 1906 quam
1113 1851 1288 1893 verbum
1330 1860 1432 1897 Mi
1466 1851 1670 1902 admittit,
1712 1849 1856 1891 Kasi-

219 1943 317 1984 dam
348 1943 547 1997 proxime
579 1955 747 1982 carmen
781 1942 1084 1996 quodcunque,
1128 1941 1281 1981 deinde
1313 1954 1481 1981 carmen
1511 1939 1698 1980 limatius
1727 1952 1855 1979 orna-

220 2022 410 2076 tiusque,
454 2018 600 2075 quales
631 2019 836 2061 Kasz'dae
868 2033 962 2060 esse
994 2017 1159 2070 solent,
1201 2029 1348 2060 notare
1380 2020 1614 2074 opinantur.
1681 2013 1857 2058 Rectius

220 2100 402 2141 fortasse
431 2098 651 2141 Kascdam
683 2112 707 2138 a
735 2100 851 2152 justo
882 2098 1200 2152 compositionis
1232 2099 1382 2150 modo,
1421 2099 1622 2152 justoque
1652 2109 1856 2138 versuum

220 2191 398 2219 numero
441 2178 595 2219 dictam
647 2179 898 2229 existimes3
955 2189 1135 2231 namque
1184 2175 1360 2217 verbum
1401 2183 1503 2222 MS
1545 2175 1656 2218 inter
1694 2183 1852 2226 cetera,

213 2270 381 2322 justum
422 2273 668 2322 rectumque
708 2271 850 2307 tenuit
888 2266 1076 2316 modum,
1119 2265 1355 2322 significat3
1403 2266 1513 2307 unde
1542 2271 1712 2324 Βὼςμαὲ,
1753 2278 1855 2306 car-

221 2372 316 2399 men
338 2360 457 2410 justi
485 2357 647 2398 modula·
681 2357 838 2396 dictum
883 2369 975 2396 eam
1018 2367 1185 2410 propter
1215 2370 1410 2406 causam,
1454 2365 1498 2396 ut
1527 2369 1551 2395 a
1583 2352 1852 2395 brevioribus

221 2436 307 2477 illis
353 2445 476 2490 atque
518 2436 808 2489 incompositis
850 2435 1109 2476 carminibus
1157 2435 1495 2485 discerneretur,
1554 2432 1708 2490 quibus
1751 2440 1851 2473 ante

280 2642 350 2689 79)
384 2640 576 2680 Pocockii
609 2645 728 2678 notae
757 2639 793 2677 iu
822 2641 980 2691 'l'ogrui
1014 2653 1169 2678 carmon
1203 2640 1406 2685 lnmicum,
1440 2654 1475 2690 p.
1504 2639 1539 2676 l.

278 2719 352 2768 80)
386 2721 533 2759 Bohlcn
567 2722 781 2757 Commcut.
814 2720 861 2756 tle
893 2719 1170 2763 Motennbbm,
1204 2734 1238 2769 p.
1260 2719 1327 2757 91.
