1968 3095
194 174 273 211 102
799 172 889 208 Pars
920 171 970 207 11.
1036 171 1125 218 Cap.
1158 170 1228 206 111.

198 296 296 323 num
314 313 324 332 ,
357 282 432 322 sed
452 279 588 320 Jovae
609 279 812 320 fortitudo
845 278 1066 334 gloriaque
1096 276 1357 326 celebretur3
1385 279 1426 317 in
1452 277 1518 318 his
1547 285 1689 318 autem
1719 290 1824 319 non-

201 362 281 401 nisi
305 359 489 399 humana
517 358 694 398 audacia
728 359 942 412 virtusque
973 357 1254 412 praedicetur.
1303 354 1498 411 Namque
1529 369 1583 396 ex
1606 355 1828 396 Hebraeo-

201 452 315 486 rum,
348 436 566 477 hominum
600 435 1038 490 religiosissimorum,
1071 435 1281 476 sententia
1303 433 1421 475 Deus
1453 436 1544 488 ipse
1575 448 1650 488 pro
1669 433 1827 490 populo

201 515 283 556 sibi
317 514 472 555 dilecto
501 523 651 556 contra
681 515 828 555 hostes
859 513 1110 561 dimicabat3
1153 513 1264 568 quod
1306 514 1343 553 si
1384 514 1515 567 igitur
1555 513 1732 554 victoria
1760 528 1830 554 re-

203 602 366 647 portata
396 602 531 643 esset,
563 607 613 633 ea
645 607 908 647 nequaquam
939 592 1158 633 hominum
1187 592 1457 639 fortitudini,
1486 591 1560 632 sed
1586 590 1666 632 soli
1690 593 1830 633 numi-

203 674 268 712 nis
309 673 443 712 divini
481 672 692 727 praesidio
730 671 955 711 tribuenda
996 671 1234 711 videbatur.
1297 668 1456 710 Contra
1492 669 1685 721 Arabes,
1726 685 1832 727 gens

202 748 556 800 bellicosissima,
597 763 765 790 omnem
807 750 850 788 in
884 747 996 789 bello
1027 763 1146 804 spem
1177 750 1221 789 in
1259 749 1446 789 dexteris
1479 750 1568 789 suis
1598 747 1835 806 gladiisque

202 825 490 876 collocabant3
521 842 676 883 quare,
708 829 745 868 si
767 828 987 867 victoriam
1019 828 1071 868 de
1101 827 1294 868 hostibus
1326 835 1634 882 reportassent,
1663 828 1835 869 nonnisi

205 919 323 946 suam
356 908 541 960 ipsorum
574 908 770 947 virtutem
803 906 1050 960 praedicare
1073 905 1280 946 solebant.
1322 905 1451 946 Haud
1483 907 1622 946 minus
1643 915 1684 947 et
1705 906 1834 948 dida-

206 988 321 1024 cltca
343 983 638 1025 Hebraeorum
669 984 940 1038 Arabumque
972 985 1112 1038 poesis
1134 985 1243 1023 inter
1264 997 1310 1023 se
1333 984 1487 1024 differt.
1538 983 1833 1026 Hebraeorum

209 1064 398 1102 carmina
424 1063 631 1102 didactica
660 1063 832 1102 nonnisi
864 1063 916 1102 ad
943 1076 1012 1102 res
1051 1063 1218 1102 divinas
1251 1075 1498 1116 morumque
1526 1063 1836 1105 institutionem

205 1141 437 1193 pertinent3
483 1149 629 1181 contra
662 1139 826 1181 Arabes
868 1153 993 1180 omne
1033 1141 1304 1181 scientiarum
1346 1153 1508 1195 genus,
1561 1139 1838 1197 theologiam,

204 1216 540 1272 philosophiam,
568 1220 972 1274 jurisprudentiam,
1008 1219 1212 1260 medicam
1246 1228 1402 1269 artem,
1437 1218 1676 1270 mathesin,
1707 1221 1840 1261 histo-

206 1297 338 1345 riam,
371 1300 718 1350 grammaticam,
750 1299 958 1352 poeticam
990 1305 1068 1336 etc.
1119 1296 1377 1337 carminibus
1412 1297 1837 1352 comprehenderunt.

207 1372 355 1428 Neque
387 1384 525 1415 tamen
559 1376 598 1416 id
624 1375 815 1416 Arabum
845 1376 963 1429 poesi
989 1373 1105 1414 laudi
1130 1374 1391 1422 ducendum3
1424 1389 1604 1430 namque
1635 1377 1672 1417 si
1703 1378 1839 1420 doctis

206 1449 291 1490 illis
313 1453 572 1494 carminibus
601 1454 781 1494 formam
809 1454 1013 1507 poeticam
1036 1453 1196 1502 demas,
1229 1466 1393 1506 parum,
1425 1451 1492 1492 vel
1518 1453 1837 1507 nihilomnino,

209 1530 319 1582 quod
339 1531 485 1583 poesin
507 1531 712 1581 redoleat,
746 1531 976 1586 superabit.
1033 1527 1174 1570 Tant'o
1195 1531 1427 1571 didacticae
1448 1529 1636 1571 Arabum
1661 1539 1842 1586 poeseos

208 1606 367 1647 ambitu
382 1637 393 1658 ,
421 1618 485 1648 est
507 1618 646 1649 tamen
668 1609 808 1664 aliqua
830 1608 946 1650 illius
968 1615 1145 1663 poeseos
1168 1612 1352 1664 species,
1385 1623 1507 1663 quarn
1530 1608 1717 1650 Hebraei
1741 1625 1842 1666 pro-

211 1687 346 1739 priam
379 1687 461 1727 sibi
493 1688 733 1737 vindicant,
781 1702 988 1742 quamque
1023 1703 1158 1743 neque
1190 1688 1299 1743 apud
1332 1687 1524 1738 Arabes,
1566 1701 1702 1743 neque
1730 1690 1839 1745 apud

211 1762 340 1804 alium
373 1766 580 1819 quendam
617 1765 815 1820 populum
850 1766 1156 1820 deprehendes.
1209 1765 1519 1820 Propheticam
1549 1767 1643 1806 dico
1676 1769 1840 1821 poesin,

209 1856 342 1895 quae,
385 1844 466 1883 etsi
507 1858 702 1898 magnam
750 1854 914 1898 partem
954 1846 996 1884 in
1043 1846 1259 1885 tradendis
1302 1846 1410 1883 vitae
1442 1858 1689 1898 morumque
1720 1859 1845 1899 prae-

210 1921 341 1972 ceptis
380 1931 600 1971 versetur,
641 1931 780 1961 tamen
825 1936 898 1975 pro
939 1921 1172 1975 singulari,
1216 1936 1296 1975 quo
1336 1923 1442 1975 apud
1484 1921 1707 1962 Hebraeos
1747 1937 1843 1974 pro·

209 1995 363 2050 phetae
394 1998 702 2052 fungebantur,
746 2013 942 2049 munere,
974 2013 1046 2053 pro
1078 1998 1283 2053 singulari
1316 2013 1442 2052 porro
1473 2000 1624 2050 modo,
1656 2014 1737 2055 quo
1767 2014 1844 2055 po-

211 2074 355 2128 pulum
382 2091 501 2116 suum
522 2080 611 2130 jam
639 2076 868 2126 docebant,
895 2079 984 2129 jain
1010 2077 1301 2132 castigabant,
1332 2079 1419 2129 jam
1449 2076 1696 2118 solabantur
1715 2086 1840 2134 atque

213 2153 455 2208 erigebant,
498 2154 756 2210 singularem
800 2170 964 2210 quoque
1004 2156 1141 2195 induit
1181 2154 1390 2204 colorem,
1434 2157 1645 2196 diversum
1681 2156 1733 2197 ab
1773 2170 1841 2206 eo,

213 2244 336 2284 quem
368 2231 558 2272 Arabum
593 2243 913 2288 ceterorumque
945 2232 1192 2288 populorum
1225 2236 1411 2274 carmina
1445 2236 1711 2287 paraenetica
1744 2248 1843 2289 prae

210 2321 256 2348 se
300 2309 454 2349 ferunt.
526 2308 571 2349 ln
616 2310 805 2352 Arabum
850 2312 1109 2353 carminibus
1151 2313 1430 2367 paraeneticis
1481 2313 1665 2351 numinis
1711 2313 1843 2352 divini

212 2399 352 2433 amor,
384 2400 524 2426 rerum
558 2387 834 2430 humanarum
869 2399 1129 2439 contemtus,
1163 2392 1355 2443 vitaeque.
1383 2391 1602 2443 integritas
1630 2402 1843 2430 commen-

215 2463 391 2511 dantur;
432 2467 506 2504 sed
551 2480 627 2506 suo
671 2470 841 2507 nomine
885 2474 1033 2521 poetae
1072 2466 1321 2520 loquuntur,
1363 2468 1489 2506 sicuti
1531 2481 1691 2507 morum
1723 2482 1844 2522 prae·-

217 2550 410 2594 ceptores
441 2540 603 2589 solent,
640 2557 773 2597 neque
807 2547 991 2583 numinis
1020 2546 1151 2584 divini
1185 2559 1237 2583 ex
1272 2546 1518 2584 auctoritate
1551 2552 1621 2584 aut
1653 2544 1842 2598 publicas

212 2617 473 2659 calamitates
509 2622 745 2670 minantur,
785 2623 866 2660 nisi
896 2624 1064 2661 monitis
1097 2623 1184 2661 suis
1218 2622 1558 2676 obtemperetur,
1601 2628 1674 2662 aut
1706 2621 1846 2676 publi-

212 2709 302 2735 cam
346 2696 524 2738 salutem
548 2699 780 2752 spondent,
812 2700 846 2739 si
870 2699 921 2738 ad
945 2698 1162 2739 meliorem
1192 2699 1353 2753 frugem
1379 2699 1601 2754 populares
1625 2701 1690 2741 sui
1712 2700 1849 2741 redie-
