1968 3095
211 215 264 254 34
773 211 776 215 ’
833 215 928 252 Pars
958 216 990 252 1.
1051 216 1142 263 Cap.
1173 215 1224 251 11.

216 324 359 368 Moses
388 331 525 364 aetate
556 323 721 363 vixisse
751 331 945 378 putatur,
992 324 1205 365 tribuitur.
1263 323 1321 365 At
1349 336 1451 364 vero
1481 323 1755 366 doctissimus
1783 326 1850 367 vir

217 404 348 444 nimio
388 402 533 443 forsan
572 402 615 441 in
657 399 804 442 literas
842 401 1050 444 Arabicas
1090 403 1230 443 studio
1268 403 1428 457 imponi
1457 402 1541 443 sibi
1572 415 1724 456 passus
1754 411 1847 452 θεας
1878 389 1890 392 -

215 483 371 522 etenim
412 479 601 521 carmina
635 477 711 520 illa
742 480 814 521 vix
849 479 1165 521 llloleammedis·
1202 489 1384 523 aetatem
1416 481 1650 531 excedere,
1692 480 1848 522 nedum

219 558 486 608 Salomonis,
538 556 605 598 vel
635 557 778 599 Moris
808 567 1000 613 tempora
1034 559 1254 614 adtingere
1293 559 1502 600 videntur.
1573 555 1714 606 Quam
1749 573 1849 601 sen-

218 639 392 678 tentiam
422 646 650 691 sequentes
681 637 946 692 potissimum
978 646 1149 678 tuentur
1179 638 1386 677 rationes:

332 715 366 769 1)
407 714 632 756 Scribendi
662 723 795 755 artem
828 716 1036 769 proximis
1070 724 1168 755 ante
1198 713 1538 756 Mohammedem
1568 712 1848 769 temporibus,

218 795 358 835 medio
399 793 488 834 fere
527 791 670 833 seculo
710 801 831 833 sexto
875 804 969 848 post
1009 792 1110 833 Chr.
1144 808 1213 844 n.,
1261 792 1314 833 ab
1351 791 1569 833 Arabibus
1604 791 1850 834 Hedschazi

216 871 368 913 incolis
407 881 621 926 receptam
658 870 816 922 fuisse,
862 873 1076 913 duumviri
1115 870 1334 912 literarum
1365 869 1646 911 Arabicarum
1681 871 1850 925 peritis-

217 952 338 1000 simi,
387 951 592 990 Reiskc‘us
622 958 663 989 et
694 949 747 990 de
779 946 918 1002 Sacy,
958 948 1185 990 luculentis
1222 951 1440 990 evicerunt
1470 950 1726 990 testimoniis
1763 949 1846 1002 ⁴⁰).

214 1028 337 1084 Apud
368 1027 536 1069 Arabes
565 1026 846 1068 Jemanenses
886 1036 1010 1082 atque
1045 1027 1251 1069 Hirenses
1282 1026 1498 1083 aliquanto
1529 1027 1698 1083 quidem
1729 1028 1848 1082 prius

213 1109 445 1162 scripturae
487 1120 587 1147 usus
625 1103 828 1152 invaluit3
879 1105 954 1144 sed
986 1119 1121 1160 neque
1151 1106 1261 1160 apud
1291 1105 1397 1156 hos,
1448 1119 1585 1160 neque
1615 1103 1713 1146 illos
1746 1113 1846 1146 ante

212 1184 347 1226 seculi
376 1185 488 1226 sexti
517 1185 700 1224 initium.
743 1181 868 1231 Quod
887 1184 924 1223 si
949 1196 1049 1223 vero
1070 1185 1179 1224 seris
1210 1184 1326 1234 adeo,
1340 1181 1601 1238 temporibus
1630 1182 1843 1226 scribendi

215 1247 285 1304 ars
315 1261 531 1303 Arabibus
563 1261 769 1309 innotuit,
802 1261 873 1316 qui
901 1259 998 1301 fieri
1029 1262 1187 1315 potuit,
1222 1270 1268 1301 ut
1297 1262 1485 1302 carmina
1514 1259 1613 1310 illa,
1651 1274 1760 1315 quae
1790 1261 1842 1302 ad

218 1340 461 1382 Salomonis
501 1339 724 1393 Illos-isque
770 1337 1011 1379 referuntur
1064 1348 1272 1391 aetatem,
1323 1353 1397 1394 per
1438 1347 1599 1379 tantum
1640 1340 1846 1394 temporis

213 1421 420 1474 spatium,
459 1416 576 1458 mille
606 1418 933 1472 quingentorum
965 1426 1007 1457 et
1035 1416 1146 1458 ultra
1175 1431 1408 1469 annorum,
1449 1415 1585 1458 solius
1614 1418 1846 1459 memoriae

212 1507 337 1552 atque
366 1497 605 1538 traditionis
637 1493 845 1536 beneficio
884 1495 1264 1537 conservarentur?
1324 1494 1515 1549 objiciet
1552 1493 1735 1536 fortasse
1765 1493 1847 1536 ali-

216 1577 335 1631 quis,
368 1584 411 1615 et
441 1574 677 1616 Homerica
706 1577 901 1614 carmina
930 1575 1040 1629 apud
1072 1573 1260 1615 Graecos
1291 1572 1472 1628 plurium
1504 1571 1743 1614 seculorum
1772 1587 1846 1629 per

213 1655 435 1694 decursum
463 1651 555 1693 sola
586 1652 894 1706 rhapsodorum
926 1653 1132 1693 memoria
1161 1662 1284 1707 atque
1316 1653 1546 1693 traditione
1577 1651 1711 1692 fuisse
1741 1665 1844 1693 con-

212 1740 393 1772 servata.
463 1730 692 1771 Exstitisse
724 1738 862 1770 autem
900 1731 1027 1771 etiam
1059 1732 1167 1786 apud
1198 1729 1366 1771 Arabes
1391 1731 1480 1783 jam
1511 1737 1610 1770 ante
1641 1729 1840 1771 Maltam-

214 1809 350 1851 mede‘s
392 1818 583 1863 tempora
625 1807 794 1864 aliquod
835 1807 1054 1849 hominum
1104 1823 1265 1864 genus,
1316 1807 1576 1848 Graecorum
1617 1806 1843 1863 rhapsodis

215 1887 326 1926 haud
366 1886 660 1934 dissimilium,
712 1888 782 1939 qui
814 1888 856 1926 in
890 1885 1073 1940 publicis
1111 1886 1295 1926 tribuum
1329 1884 1608 1925 conventibus
1646 1883 1714 1924 vel
1753 1885 1840 1926 for-

214 1965 272 2003 tia
312 1964 522 2015 majorum
567 1963 702 2012 facta,
762 1962 829 2002 vel
870 1961 990 2003 fictas
1030 1962 1197 2003 fabulas
1234 1973 1275 2002 et
1310 1961 1449 2002 soluta
1488 1970 1530 2002 et
1569 1961 1700 2017 ligata
1741 1977 1840 2004 ora-

211 2044 327 2082 tione
356 2042 659 2081 enarraverint.
720 2040 885 2081 Horum
933 2043 1063 2096 igitur
1104 2040 1324 2080 hominum
1367 2040 1506 2080 studio
1549 2041 1842 2096 antiquissima

210 2119 399 2160 Arabum
434 2120 620 2159 carmina
659 2118 770 2160 haud
803 2121 966 2169 minus,
1019 2133 1141 2173 quam
1174 2118 1404 2159 Homerica
1435 2123 1628 2173 poemata
1658 2116 1840 2173 rhapso-

210 2199 358 2239 dorum
392 2196 622 2246 beneficio,
664 2198 714 2237 ad
747 2207 935 2251 posteros
967 2200 1153 2252 potuisse
1187 2198 1455 2244 conservari3
1502 2184 1691 2252 quinimo
1722 2206 1839 2238 tanto

210 2274 403 2324 facilius,
435 2289 517 2328 quo
550 2277 686 2315 minor
716 2274 998 2316 Arabicorum
1031 2275 1202 2316 illorum
1231 2276 1489 2324 carminum,
1522 2288 1644 2329 quarn
1676 2273 1839 2316 Home-

211 2355 418 2402 ricorum,
470 2354 523 2392 sit
563 2352 696 2393 moles
729 2363 852 2407 atque
883 2352 1120 2408 longitudo.
1184 2352 1242 2393 At
1271 2365 1371 2391 vero
1403 2352 1572 2392 diversa
1604 2354 1836 2393 carminum

264 2487 337 2538 40)
380 2488 529 2525 Reiske
569 2488 607 2524 in
646 2488 826 2538 epistolis
860 2489 907 2526 de
949 2489 1116 2526 Arabum
1150 2499 1191 2524 re
1222 2487 1421 2534 numaria,
1453 2487 1614 2526 insertis
1646 2487 1835 2525 Eichhor-

323 2555 377 2592 nii
411 2555 643 2604 Repertorio
676 2556 906 2594 literaturae
948 2556 1140 2599 biblicae,
1188 2558 1202 2589 t
1241 2554 1319 2599 ΙΧ,
1349 2569 1383 2604 p.
1414 2553 1508 2592 238.
1570 2555 1627 2593 De
1660 2555 1765 2604 Sacy
1797 2555 1835 2592 in

320 2622 647 2659 commentatione
680 2623 727 2660 de
760 2623 990 2660 literaturae
1019 2620 1214 2659 Arabicae
1244 2605 1404 2673 'origine
1436 2627 1476 2658 et
1499 2621 1671 2672 antiquis
1699 2634 1833 2659 mouu-

316 2688 477 2733 mentis,
525 2701 626 2739 quae
656 2689 822 2727 habetur
852 2690 888 2726 in
920 2689 1128 2726 Memoires
1163 2687 1210 2725 de
1241 2688 1402 2726 l'Acad.
1435 2701 1518 2737 roy.
1548 2689 1618 2726 des
1651 2687 1832 2739 inscript.

311 2759 338 2790 t.
366 2755 421 2800 L,
455 2769 490 2804 p.
513 2754 609 2794 306.
