1937 2905
0 160 28 222 ν.
84 181 300 242 ,ff-⁴31⁶·
746 182 1225 233 Praefatio.

60 235 133 326 ι

166 322 257 370 pro
296 306 480 368 ingenii
515 306 852 368 propensione
887 308 939 353 in
990 306 1179 355 deliciis
1214 322 1410 371 semper
1445 308 1610 365 fuere,
1657 323 1795 356 occa-

167 409 358 455 sionem
397 407 617 454 oblatam
668 407 804 454 haud
852 408 1353 471 praetermittendam
1400 424 1505 456 esse
1540 408 1795 468 duximus,

171 509 317 571 quin,
364 506 480 569 quid
520 508 725 555 valeant
760 508 978 567 humeri,
1030 510 1146 572 quid
1182 510 1310 556 ferre
1353 519 1606 568 recusent,
1650 513 1704 557 in
1740 510 1799 558 ea

168 607 409 655 solvenda
463 611 823 672 experiremur.
914 607 982 656 Ut
1037 618 1205 657 autem
1263 613 1470 673 poeseos
1515 611 1795 659 Hebraicae

168 717 315 770 atque
370 708 618 756 Arabicae
685 725 955 757 consensus
1011 709 1374 772 discrimenque
1430 711 1494 757 ad
1551 711 1794 774 liquidum

167 809 373 873 perduci
409 819 600 871 posset,
650 820 863 873 quatuor
898 827 1016 874 prae
1053 812 1226 858 ceteris
1263 819 1519 857 momenta
1554 812 1796 860 videban-

169 918 249 956 tur
284 910 623 972 exploranda:
669 914 923 974 utriusque
968 928 1149 974 nempe
1196 913 1403 974 poe'seos
1450 913 1608 973 origo,
1655 927 1796 975 argu-

168 1020 423 1069 mentum,
470 1012 653 1072 stylus,
698 1021 913 1060 externa
959 1013 1172 1074 denique
1208 1013 1385 1059 forma.
1468 1012 1696 1075 Namque
1733 1013 1797 1060 ad

169 1112 526 1175 explicandum
564 1127 729 1158 rerum
761 1121 1110 1174 cognatarum,
1147 1113 1286 1173 cujus
1320 1114 1512 1174 generis
1535 1113 1796 1163 Hebraeo—

170 1229 280 1260 rum
317 1212 641 1274 Arabumque
677 1213 861 1275 poe'sis,
908 1227 1205 1259 consensum
1241 1220 1388 1273 atque
1418 1213 1685 1261 discrimen
1720 1232 1796 1263 re-

169 1314 381 1375 quiritur
436 1314 758 1376 praeprimis,
816 1321 895 1369 ut,
951 1328 1048 1374 quo
1093 1322 1345 1375 tempore,
1401 1314 1579 1375 quibus
1621 1318 1796 1374 causis,

171 1416 416 1477 quibusve
453 1414 838 1461 circumstantiis
874 1414 1114 1475 originem
1157 1413 1444 1471 habuerint,
1491 1414 1795 1478 dispiciatur.

171 1513 318 1572 Quod
365 1516 455 1562 etsi
498 1516 550 1561 in
597 1531 649 1561 re
697 1524 801 1561 tam
844 1511 1038 1561 remota
1077 1522 1226 1576 atque
1272 1513 1591 1572 abscondita,
1638 1517 1797 1579 qualis

167 1618 400 1678 poeseos,
457 1616 736 1663 Hebraicae
784 1616 1036 1673 maxime,
1091 1616 1251 1677 origo,
1309 1614 1651 1663 difficillimum
1707 1618 1796 1675 sit,

167 1716 303 1763 baud
348 1724 518 1763 tamen
564 1717 895 1780 praetermitti
943 1716 1150 1763 omnino
1200 1724 1389 1779 potest,
1452 1717 1546 1763 nisi
1590 1732 1793 1764 omnem

169 1817 564 1880 disputationem
602 1817 932 1863 fundamento
965 1832 1053 1863 suo
1088 1818 1288 1878 privare
1326 1817 1461 1863 velis.
1534 1816 1796 1878 Exposita,

168 1926 409 1979 quantum
449 1917 651 1980 quidem
689 1918 791 1963 fieri
829 1917 1018 1979 potuit,
1059 1917 1313 1977 utriusque
1349 1918 1556 1978 poeseos
1593 1917 1795 1978 origine,

167 2018 232 2064 ad
267 2018 669 2081 perspiciendum
717 2031 1011 2063 consensum
1050 2015 1425 2077 dissensumque
1461 2018 1795 2065 necessarium

168 2134 315 2181 porro
352 2118 643 2176 videbatur,
692 2134 838 2180 quam
877 2118 1191 2181 potissimum
1240 2117 1501 2164 materiam
1538 2117 1793 2166 Hebraeo-

169 2235 278 2266 rum
313 2218 635 2281 Arabumque
673 2222 853 2282 poetae
890 2218 1200 2265 tractandam
1239 2218 1331 2264 sibi
1369 2219 1660 2276 sumserint,
1698 2219 1794 2266 dis-

169 2320 376 2381 quirere.
451 2320 588 2366 Licet
624 2321 756 2365 enim
796 2320 1019 2365 omnium
1060 2320 1355 2381 populorum
1394 2321 1555 2381 poesis
1587 2334 1655 2365 ex
1691 2335 1793 2367 uno

168 2419 443 2481 eodemque
492 2420 658 2477 fonte,
721 2419 955 2467 vividiori
1003 2435 1183 2481 nempe
1241 2420 1395 2466 animi
1441 2434 1588 2466 sensu
1647 2427 1795 2481 atque

169 2522 391 2578 adfectu,
450 2520 771 2582 profluxerit,
826 2530 992 2566 tamen
1043 2536 1133 2583 pro
1184 2535 1417 2566 sensuum
1469 2520 1792 2580 aliarumque,

170 2636 293 2680 quae
332 2622 394 2668 ad
444 2623 615 2683 poetas
656 2622 933 2681 pertinent,
984 2636 1144 2666 rerum
1184 2621 1497 2675 diversitate,
1544 2619 1792 2665 diversam
