1968 3095
197 150 278 189 136
800 149 896 186 Pars
923 147 997 185 111.
1058 147 1150 196 Gap.
1190 145 1221 182 1.

870 266 990 313 Τ-ιοη
1018 266 1140 312 ῆειρι
1174 263 1314 301 ηοω-ι

936 345 1117 392 :zi-ma:
1152 342 1318 390 70:7⁷2&

878 416 991 469 *tabe
1026 423 1151 470 *tamn
1188 424 1317 457 »πη-ι

824 504 954 537 taum
992 505 1113 546 vna:
1144 502 1318 550 *inputa

480 567 593 610 Num
624 569 832 612 defunctis
860 571 1091 614 exhibebis
1120 568 1394 619 miraculum,

480 645 594 688 Num
626 648 801 689 umbrae
831 660 1079 707 resurgent,
1108 659 1234 706 teque
1264 645 1567 689 celebrabunt!
1608 643 1755 687 Selah.

479 725 548 767 An
580 727 885 770 memorabitur
911 731 956 770 in
987 727 1182 785 sepulcro
1213 726 1454 782 benignitas
1483 734 1581 774 tua,

480 804 606 846 Fides
636 814 708 846 tua
738 807 781 846 in
813 807 940 848 orco?

481 882 595 925 Num
627 894 882 940 agnoscetur
911 886 954 926 in
987 884 1174 926 tenebris
1202 882 1455 926 miraculum
1483 891 1630 931 tuum,

486 962 538 1003 Et
564 964 734 1016 justitia
763 973 836 1005 tua
864 965 909 1005 in
941 965 1054 1006 terra
1086 961 1344 1005 oblivionisss

148 1046 151 1048 “
205 1038 292 1081 Sed
321 1038 613 1083 nobilissimus
653 1042 706 1083 de
743 1042 893 1084 inferis
931 1041 1076 1093 locus,
1117 1055 1350 1098 eorumque
1387 1040 1652 1082 vividissima
1686 1038 1830 1094 imago

205 1117 386 1160 habetur
413 1117 596 1161 Jesaiae
628 1119 754 1172 XIV,
787 1124 968 1169 9—173
1011 1135 1094 1176 quo
1135 1121 1180 1163 in
1210 1119 1305 1162 loco
1343 1132 1494 1160 omnes
1522 1117 1672 1167 inferi,
1715 1118 1831 1173 regis

206 1195 472 1251 Babyloniae
513 1200 724 1251 adventu,
778 1200 952 1241 excitati
995 1199 1153 1251 fuisse,
1205 1212 1434 1255 regemque
1473 1196 1594 1238 illum
1631 1197 1831 1238 irrisione

207 1285 332 1333 atque
363 1277 567 1318 conviciis
600 1280 823 1334 excepisse
863 1279 1078 1320 dicuntur.
1138 1279 1205 1320 Ex
1245 1278 1327 1320 hoc
1361 1276 1482 1327 loco,
1520 1290 1645 1330 quem
1685 1288 1770 1316 uon
1808 1287 1835 1316 a

206 1354 386 1406 Jesaifc,
427 1355 503 1395 sed
542 1369 568 1395 a
597 1338 758 1396 seriore
789 1357 969 1411 quodam
1012 1358 1242 1411 scriptore,
1287 1356 1514 1411 postremis
1543 1352 1665 1395 exilii
1693 1351 1835 1407 Baby-

207 1432 340 1475 lonici
367 1432 627 1488 temporibus
657 1434 860 1488 degente,
900 1434 1132 1489 profectum
1163 1445 1382 1491 putamuS‚
1424 1434 1585 1484 diseas,
1616 1431 1836 1473 Hebraeo-

209 1526 302 1553 rum
334 1513 385 1553 de
415 1512 563 1552 inferis
593 1514 837 1567 opinionem
866 1527 917 1553 eo
949 1522 1161 1567 tempore,
1193 1527 1275 1568 quo
1306 1510 1524 1553 oraculum
1542 1510 1649 1552 illud
1675 1511 1834 1552 editum

211 1590 312 1641 fuit,
357 1591 492 1645 magis
518 1592 607 1644 jam
641 1589 893 1645 explicatam
924 1591 1081 1640 fuisse,
1124 1592 1184 1631 ita
1222 1599 1268 1631 ut
1304 1592 1357 1632 ad
1389 1590 1649 1632 Graecorum
1680 1590 1732 1630 de
1769 1590 1837 1630 in-

213 1668 315 1709 feris
345 1667 498 1722 placita
528 1668 833 1724 aliquantulum
864 1671 1097 1710 accederet.
1144 1667 1294 1724 Neque
1316 1679 1456 1710 tamen
1483 1666 1568 1709 illis
1599 1668 1839 1708 consentire

213 1761 464 1802 possumus,
497 1747 566 1801 qui
597 1761 651 1787 ex
684 1746 843 1788 Psalmi
872 1747 1026 1788 XVIII
1056 1762 1177 1788 versu
1199 1751 1239 1798 5,
1270 1747 1461 1788 infernos
1490 1759 1655 1802 quoque
1685 1745 1840 1788 fluvios

212 1824 265 1866 ab
306 1824 518 1866 Hebraeis
557 1826 741 1866 creditos
780 1826 912 1867 fuisse
951 1828 1245 1867 existimarent
1286 1828 1365 1879 ⁸8).
1436 1822 1629 1879 Namque
1669 1827 1740 1880 qui
1779 1824 1841 1866 ibi

212 1912 503 1943 memorantur
534 1909 751 1944 torrentes
773 1904 943 1954 Belial,
976 1905 1096 1949 ⁷:942:
1126 1906 1243 1955 *br-12,
1275 1919 1356 1945 non
1387 1911 1485 1945 sunt
1515 1901 1634 1943 fluvii
1666 1903 1838 1954 inferni,

214 1993 361 2020 verum
380 1981 523 2034 fluvii
545 1986 788 2034 perniciei,
821 1984 912 2022 sive
940 1986 1195 2036 perniciosi.
1255 1982 1321 2023 Ad
1352 1982 1570 2035 mysticam
1611 1980 1836 2023 historiam

217 2066 258 2098 et
287 2072 418 2099 aurea
447 2058 521 2099 illa
552 2068 670 2099 aetas
701 2060 947 2110 referenda,
981 2075 1104 2114 quam
1138 2061 1347 2113 Hebraei,
1380 2062 1634 2101 adventante
1664 2059 1841 2110 Massia,

218 2145 462 2177 exorturam
494 2136 575 2178 sibi
607 2138 848 2192 sperabant.
909 2139 974 2179 Ex
1009 2139 1243 2180 felicissimi
1286 2140 1401 2181 illius
1439 2141 1641 2194 temporis
1668 2140 1842 2179 notione

218 2212 526 2267 pulcherrimas
568 2216 862 2258 Hebraeorum
905 2224 1054 2272 poetae
1097 2219 1309 2260 deducunt
1357 2220 1579 2273 imagines.
1661 2216 1844 2272 Fingunt

221 2293 360 2342 enim,
391 2301 580 2348 tempore
611 2294 685 2336 illo
717 2310 871 2336 novum
903 2296 1065 2336 coelum
1101 2312 1336 2352 novamque
1369 2307 1521 2338 terram
1551 2304 1735 2337 creatum
1766 2296 1842 2344 iri;

220 2369 323 2412 solis
354 2370 563 2426 lunaeque
593 2372 729 2414 lucem
753 2374 882 2415 multo
909 2374 1262 2429 splendidiorem,
1294 2390 1417 2431 quam
1440 2374 1620 2416 antehac
1642 2375 1843 2424 futuram,

221 2450 474 2491 discordiam
514 2450 707 2506 bellaque
739 2463 979 2504 cessatura,
1023 2456 1129 2496 adeo
1167 2455 1361 2509 quidem,
1404 2463 1448 2495 ut
1485 2468 1540 2495 ex
1576 2452 1731 2510 gladiis
1768 2467 1845 2494 vo-

278 2617 352 2668 88)
383 2620 422 2658 J.
456 2621 502 2657 I).
533 2617 746 2657 Michaelis
780 2621 816 2658 iu
850 2622 1040 2671 cpimetro
1082 2624 1131 2660 ad
1164 2624 1338 2662 Lowtbii
1374 2624 1680 2676 praelectionem
1710 2623 1767 2661 IX
1797 2623 1846 2661 de

337 2688 453 2725 sacra
487 2687 757 2726 Hebraeorum
791 2690 921 2740 poesi,
965 2705 999 2740 p.
1032 2689 1125 2727 204.
