1979 3073
543 216 594 251 De
632 217 721 260 stylo
753 217 957 252 carminum
989 214 1243 250 Arabicorum.
1623 214 1701 252 189

603 311 684 385 3115
723 309 812 388 ,it-zi
847 323 977 388 Ome.
1012 321 1081 388 ,xx
1116 329 1242 393 ξω

598 423 772 490 φρὲυὶκε
816 431 928 491 &25³
963 410 1010 486 ῤ’·
1044 423 1118 464 att:
1147 406 1240 485 52⁷}

194 523 358 578 Peperit
390 522 510 564 vobis
542 522 736 577 (bellum)
762 522 1053 564 adolescentes
1080 519 1394 562 infelicissimos
1425 537 1587 576 omnes,

131 589 135 591 λ
190 601 327 642 Instar
346 601 456 651 Rufi
476 601 736 651 Aclc'tarum,
771 615 875 656 quos
896 599 1069 641 lactavit
1091 600 1260 653 (mater)
1283 615 1382 641 mox
1412 600 1699 644 ablactandos.

79 677 145 719 Ad
186 678 478 720 illustrandam
522 681 749 735 imaginem
791 678 949 719 hancce
991 677 1116 718 liceat
1148 679 1468 720 Roseumiillerz'
1503 682 1545 720 in
1588 680 1701 722 hunc

78 756 219 798 locum
253 754 592 798 observationem
626 771 859 813 apponere:
896 758 981 807 „ad
1012 756 1324 806 Themndaeos,
1357 759 1567 811 antiquam
1590 758 1701 799 Ara-

79 835 178 876 bum
209 835 388 887 tribum,
429 839 498 891 qui
529 838 649 876 initio
680 837 942 884 Adensz‘nm,
986 835 1039 876 ob
1071 836 1333 889 impietatem
1364 836 1408 874 in
1439 833 1576 875 Deum
1608 839 1700 879 dira

78 912 198 954 clade
236 916 565 966 exstinctorum,
608 916 827 969 regionem
867 922 1114 963 tenuerunt,
1163 914 1317 953 missus
1356 921 1446 953 erat
1482 913 1700 968 propbeta,

82 989 216 1033 Saleh
257 995 451 1043 nomine,
503 995 574 1047 qui
615 1008 640 1033 a
684 992 867 1047 plurium
909 993 960 1032 ad
1002 993 1128 1032 unius
1164 990 1247 1031 Dei
1292 989 1446 1031 cultum
1484 993 1697 1034 invitaret.

79 1069 160 1111 Cui
189 1073 314 1125 pauci
354 1072 578 1112 admodum
618 1079 872 1126 paruerunt,
919 1071 1070 1110 ceteris
1106 1071 1272 1123 signum
1315 1071 1577 1123 petentibus,
1618 1086 1700 1127 quo

76 1148 249 1204 impleto
289 1163 334 1189 se
373 1152 500 1189 etiam
532 1151 764 1190 credituros
798 1148 973 1203 polliciti
1004 1157 1112 1189 sunt.
1175 1148 1354 1202 Signum
1394 1147 1475 1188 hoc
1507 1148 1611 1199 fuit,
1652 1157 1701 1189 ut

78 1241 101 1266 e
132 1241 235 1281 rupe
276 1227 454 1282 quadam
496 1227 699 1268 camelam
742 1229 844 1281 ipsis
883 1228 1093 1268 educeret.
1166 1225 1412 1279 Impetravit
1453 1225 1534 1266 hoc
1566 1224 1701 1267 Saleh

76 1319 101 1345 a
132 1305 248 1345 Deo:
284 1305 438 1360 prodiit
468 1319 490 1344 e
520 1320 624 1360 rupe
654 1304 815 1346 camela
842 1306 1040 1345 immanis
1062 1306 1387 1359 magnitudinis,
1423 1319 1528 1358 quae
1559 1306 1700 1345 statim

76 1380 238 1436 pullum
266 1383 356 1435 jam
389 1381 670 1433 ablactatum,
703 1382 815 1423 haud
848 1384 1024 1423 minoris
1049 1392 1181 1422 matre
1214 1383 1539 1436 magnitudinis,
1573 1384 1701 1423 enixa

78 1468 156 1499 est.
218 1457 392 1500 Camela
426 1470 568 1501 autem
599 1460 673 1501 illa
704 1462 886 1502 interdiu
920 1461 1063 1502 exibat
1094 1460 1145 1500 ad
1179 1472 1360 1513 pascua,
1391 1458 1487 1509 ubi,
1521 1474 1614 1500 cum
1649 1461 1702 1501 ad

75 1546 244 1591 puteum
276 1548 347 1578 aut
379 1541 513 1579 rivum
544 1541 682 1589 venit,
717 1553 884 1579 omnem
911 1539 1128 1585 ebibebat;
1164 1539 1417 1577 adventante
1447 1551 1546 1578 vero
1579 1547 1700 1595 nocte

75 1615 267 1666 redibat,
307 1625 348 1656 et
389 1619 642 1658 circumiens
682 1619 829 1658 domos
871 1618 1054 1656 civitatis
1099 1614 1331 1655 clamabat:
1380 1619 1422 1655 sc·
1465 1620 1560 1669 quis
1599 1622 1702 1671 eget

77 1694 214 1743 lacte,
246 1695 517 1749 egrediatur.
579 1695 672 1737 Hoc
701 1697 829 1737 modo
854 1694 1016 1736 civibus
1048 1692 1344 1748 suppeditabat
1373 1691 1463 1742 lac,
1498 1703 1698 1748 quantum

75 1770 288 1812 volebant.
375 1772 458 1813 Sed
506 1776 603 1828 quia
652 1775 780 1828 hujus
829 1772 1014 1814 camelae
1066 1772 1311 1812 deformitas
1359 1780 1482 1825 atque
1527 1773 1700 1813 vastitas

76 1858 239 1891 ceteros
271 1861 555 1892 armentorum
585 1867 737 1908 greges
768 1867 791 1892 a
823 1866 975 1906 pascuo
1007 1851 1263 1900 deterreret,
1296 1848 1448 1890 mulier
1478 1851 1697 1904 quaedam,

76 1930 144 1969 cui
192 1929 381 1970 Onez‘zae
417 1945 596 1981 nomen,
657 1930 778 1970 valde
822 1929 1043 1984 opulenta,
1102 1921 1277 1984 ‹juatuor
1318 1927 1430 1968 filias
1476 1927 1698 1982 splendide

76 2009 314 2058 exornavit,
347 2022 502 2062 easque
527 2008 720 2050 exhibuit
753 2007 912 2048 homini
938 2009 1119 2058 cuidam,
1152 2008 1322 2048 nomine
1346 2006 1520 2056 Kedar,
1555 2006 1697 2058 Salefi

74 2084 192 2136 filio,
224 2094 268 2126 ut
300 2087 509 2139 acciperet
538 2101 590 2127 ex
623 2089 677 2128 iis
710 2101 859 2137 unam,
890 2101 1012 2141 quam
1044 2088 1133 2141 ipse
1166 2084 1315 2136 vellet,
1347 2099 1441 2125 cum
1475 2096 1618 2140 pacto,
1649 2095 1695 2127 ut

76 2163 278 2204 camelam
322 2162 435 2204 illam
478 2165 700 2205 occideret.
780 2166 992 2206 Assensus
1034 2174 1098 2205 est
1137 2163 1235 2214 ille,
1286 2172 1326 2203 et
1369 2162 1503 2203 electa
1546 2166 1627 2204 una
1670 2179 1693 2204 e

74 2239 228 2295 puellis
259 2255 454 2296 egressus
485 2251 549 2282 est
579 2257 672 2283 cum
704 2252 796 2283 octo
829 2245 981 2292 sociis,
1014 2257 1189 2298 quorum
1221 2256 1298 2296 ope
1330 2242 1558 2292 camelam,
1600 2256 1694 2283 suc-

75 2321 175 2360 cisis
213 2318 539 2375 suffraginibus,
588 2322 762 2368 occidit;
804 2336 883 2375 quo
923 2323 1033 2362 facto
1073 2330 1324 2376 provocatus
1365 2320 1482 2360 Deus
1521 2320 1695 2362 Thema-

75 2398 206 2438 daeos
232 2412 393 2448 omnes,
426 2402 613 2454 exceptis
640 2401 780 2454 paucis
802 2399 901 2449 illis,
934 2402 1004 2456 qui
1028 2399 1255 2454 prophetae
1282 2400 1521 2439 invitationi
1545 2413 1692 2453 parue-

74 2485 194 2526 runt,
234 2485 328 2530 post
369 2478 575 2527 triduum,
619 2478 789 2518 horrido
821 2479 988 2533 fragore
1026 2476 1201 2517 coelitus
1242 2477 1448 2526 demisso,
1490 2477 1716 2530 perdidit,

74 2562 120 2594 ut
151 2555 278 2609 igitur
308 2556 433 2595 unius
464 2554 647 2597 hominis
677 2558 870 2611 impietas
901 2558 976 2597 toti
1000 2557 1118 2611 genti
1140 2556 1306 2596 ruinam
1332 2553 1688 2606 adduceretw).“

130 2677 204 2730 96)
225 2679 465 2718 Confer-atur
490 2679 605 2718 etiam
626 2680 853 2720 Mai-accius
884 2681 924 2718 in
956 2681 1163 2732 prodromo
1196 2681 1244 2718 ad
1272 2678 1546 2716 refutationem
1569 2678 1688 2716 Alco-

185 2747 294 2793 rani,
327 2748 372 2785 P.
396 2748 458 2793 lv,
479 2762 515 2798 p.
534 2746 602 2792 92,
621 2746 699 2791 933
728 2748 830 2786 idem
852 2749 890 2786 in
911 2749 1016 2786 notis
1038 2749 1086 2787 ad
1107 2749 1197 2785 Sur.
1218 2747 1300 2790 vll,
1325 2760 1359 2785 v.
1380 2745 1448 2790 73,
1474 2760 1509 2795 p.
1532 2744 1627 2783 383.
