1968 3095
192 208 244 244 ‘to
821 208 916 246 Pars
946 208 978 245 1.
1038 208 1131 259 Gap.
1160 209 1196 247 1.

872 326 1004 362 mnu*
1035 325 1143 362 wan
1174 318 1229 360 ΝΕ·

767 406 919 438 :unum
956 406 1059 439 7:³2³
1092 406 1228 453 nupti

416 471 542 514 Dixi:
585 474 675 514 dies
708 472 950 530 loquentur,

418 549 472 590 Et
511 550 736 594 multitudo
775 567 982 593 annorum
1020 551 1240 593 exhibebit
1277 553 1552 606 sapientiam3

417 626 475 667 At
504 641 605 669 vero
636 632 808 685 spiritus
838 632 880 670 in
913 631 1102 681 homine,

417 703 474 744 Et
505 705 686 747 adflatus
718 709 1022 764 omnipotentis
1062 707 1347 763 intelligentes
1387 707 1537 748 reddit.

417 780 516 823 Non
558 785 790 839 grandaevi
831 789 1017 842 sapiunt,

417 858 566 916 Neque
596 877 721 905 senes
752 863 996 920 intelligunt
1025 865 1203 917 justum.

187 940 286 994 Quo
309 941 351 980 in
374 937 469 979 loco
500 941 710 994 sapientia
734 957 816 983 non
843 945 916 993 iis,
949 945 1021 998 qui
1051 941 1277 984 multorum
1310 955 1517 982 annorum
1548 942 1816 996 experientia

186 1018 409 1059 exercitati
431 1025 551 1067 sunt,
583 1031 729 1059 verum
753 1022 830 1070 iis,
863 1020 1016 1075 quibus
1042 1022 1225 1062 numinis
1251 1021 1385 1061 divini
1416 1020 1595 1061 adflatus
1625 1021 1816 1075 contigit,

185 1095 412 1142 tribuitur3
455 1109 562 1149 quae
600 1100 811 1138 sententia
849 1098 956 1153 legis
986 1099 1203 1140 Mosaicae
1243 1097 1376 1139 indoli
1416 1099 1817 1138 convenientissima

184 1182 260 1215 est.
327 1171 453 1222 Quod
495 1187 596 1215 vero
634 1175 741 1217 Jobz·
780 1178 907 1216 amici
949 1179 1001 1216 ad
1046 1177 1261 1217 seniorum
1306 1177 1445 1230 potius
1486 1177 1814 1230 experientiam,

183 1265 308 1307 quam
339 1251 392 1291 ad
421 1249 531 1305 legis
564 1251 782 1293 Mosaicae
815 1263 1036 1308 praecepta
1075 1264 1356 1308 provocantes
1388 1255 1673 1304 inducuntur,
1718 1243 1823 1307 ejus!

182 1330 247 1370 rei
277 1343 406 1369 causa
444 1330 488 1368 in
521 1343 572 1369 eo
607 1332 742 1385 posita
773 1333 961 1384 videtur,
1012 1342 1056 1373 ut
1089 1332 1424 1384 disceptantibus
1456 1331 1635 1386 amplior
1666 1332 1812 1386 dispu-

185 1407 306 1448 tandi
347 1420 519 1460 campus
560 1408 813 1461 aperiretur.
888 1408 1083 1466 Namque
1122 1413 1159 1451 si
1196 1409 1303 1451 Jobi
1338 1412 1462 1451 amici
1503 1408 1618 1451 illius
1658 1408 1815 1464 placita

180 1483 290 1540 legis
315 1484 530 1525 Mosaicae
562 1488 800 1541 praeceptis
831 1489 1175 1543 impugnassent,
1207 1491 1346 1530 omnis
1377 1487 1694 1529 contradicendi
1725 1500 1814 1529 ma-

181 1563 287 1603 teria
320 1562 383 1603 illi
419 1563 762 1617 praecidebatur,
808 1567 920 1620 quod
952 1577 1092 1608 tamen
1124 1567 1177 1608 ab
1212 1568 1397 1608 auctoris
1427 1565 1605 1607 consilio
1636 1563 1814 1606 alienis-

180 1643 334 1681 simum
366 1650 470 1681 erat.

297 1718 423 1767 Quod
456 1719 636 1774 denique
670 1723 954 1772 contendunt,
1003 1724 1188 1763 numinis
1222 1722 1355 1762 divini
1387 1722 1721 1775 adparitionem,
1767 1721 1812 1761 in

179 1795 286 1838 Joln·
313 1795 423 1837 libro
453 1797 645 1848 obviam,
680 1813 763 1839 non
793 1801 844 1840 ad
878 1802 1084 1853 poeticam
1116 1799 1358 1850 fictionem,
1391 1814 1536 1841 verum
1569 1799 1620 1840 ad
1653 1801 1813 1853 prisco-

181 1888 274 1914 rum
314 1874 535 1914 hominum
576 1877 789 1916 sentiendi
829 1879 1124 1931 cogitandique
1156 1880 1362 1917 rationem
1401 1890 1495 1917 esse
1523 1877 1809 1927 referendam,

180 1952 253 1991 vix
282 1952 436 1991 idoneo
468 1951 608 2006 aliquo
639 1963 889 2007 argumento
923 1952 1187 2007 comprobari
1220 1967 1346 2008 posse
1377 1956 1554 1994 videtur.
1614 1952 1808 2009 Namque

180 2044 274 2070 cum
305 2031 334 2069 ii
367 2031 473 2084 ipsi,
505 2031 575 2084 qui
605 2029 711 2070 ,lobs
739 2030 894 2072 librum
919 2041 1016 2072 ante
1038 2030 1205 2072 Mosem
1238 2034 1520 2086 compositum
1543 2033 1806 2083 existimant,

178 2106 278 2148 libri
309 2106 424 2148 illius
455 2119 747 2162 argumentum
782 2124 864 2150 non
889 2125 943 2150 ex
966 2124 1104 2150 rerum
1136 2120 1349 2164 gestarum
1381 2111 1585 2151 memor-izi
1618 2112 1804 2163 petitum,

180 2199 325 2226 verum
366 2186 419 2226 ab
460 2195 632 2226 auctore
669 2185 812 2227 fictum
853 2201 946 2227 esse
990 2189 1272 2238 contendant,
1326 2188 1423 2242 quid
1467 2189 1564 2228 inde
1595 2189 1805 2244 sequitur,

178 2265 261 2304 nisi
294 2265 405 2318 quod
444 2272 486 2303 et
524 2266 708 2305 numinis
749 2265 885 2305 divini
927 2266 1133 2319 adparitio
1174 2267 1226 2307 ad
1265 2268 1474 2321 poeticam
1509 2265 1724 2307 fictionem
1754 2268 1810 2307 sit

177 2342 415 2382 referenda.

291 2418 359 2471 ll)
400 2419 520 2468 Quod
558 2423 594 2462 si
632 2420 917 2473 concedatur,
968 2435 1103 2477 neque
1142 2419 1290 2476 populi
1322 2419 1525 2461 Hebraiei
1566 2419 1804 2474 historiam,

175 2510 310 2552 neque
340 2496 477 2552 legem
509 2496 744 2540 Mosaicam
777 2501 820 2540 in
851 2499 957 2541 ,lobi
985 2499 1094 2540 libro
1127 2500 1304 2552 respici,
1357 2512 1619 2554 nequaquam
1660 2504 1804 2541 tamen

176 2575 274 2615 inde
315 2574 519 2626 efficitur,
572 2589 706 2628 neque
748 2576 892 2627 inam,
945 2591 1078 2632 neque
1122 2576 1231 2617 hanc
1270 2575 1368 2617 libri
1399 2576 1560 2619 auctori
1593 2578 1805 2632 cognitam

177 2650 322 2693 fuisse.
402 2652 545 2694 Potuit
593 2656 706 2695 enim
755 2653 948 2696 consulto
993 2665 1211 2710 utramque
1254 2663 1400 2696 auctor
1451 2657 1805 2709 praetermittere;

180 2728 304 2781 idque
337 2743 387 2769 eo
419 2732 578 2786 magis,
614 2746 696 2787 quo
729 2730 872 2774 altiori
902 2731 1177 2787 liberiorique
1209 2735 1249 2773 in
1283 2736 1524 2774 universum
1557 2734 1688 2774 fertur
1719 2735 1806 2788 spi-
