1979 3073
804 235 1050 283 Comparatio.
1663 233 1743 271 269

130 346 330 395 haereas,
365 352 504 386 utrum
533 342 704 398 linguae
727 341 939 384 Arabicae
967 344 1194 383 immensas
1222 343 1415 393 divitias,
1449 355 1501 382 an
1528 350 1744 382 auctorum

128 422 298 464 illorum
337 420 560 462 artificium
600 422 736 475 magis
781 422 960 461 mireris.
1039 419 1187 475 Neque
1224 429 1362 460 tamen
1402 419 1745 472 existimandum,

127 500 416 555 frequentibus
438 497 524 539 illis
554 500 862 553 paronomasiis
886 497 1193 552 verborumque
1224 496 1387 538 lusibus
1415 497 1616 537 orationis
1646 501 1745 551 poe-

128 580 237 619 ticae
267 578 512 632 dignitatem
547 590 713 631 semper
754 578 923 632 augeri3
948 584 951 586 '
974 584 1120 616 contra
1164 576 1297 615 nimio
1333 573 1480 614 talium
1521 588 1746 615 ornamen-

129 664 267 697 torum
298 655 435 695 studio
457 668 580 709 quam
603 656 849 709 saepissime
882 654 934 694 ad
961 654 1142 707 ineptias
1164 651 1415 692 delabuntur
1443 656 1616 706 poetae,
1648 666 1744 691 ora-

128 735 368 788 tionemque
399 731 648 772 adfectatam
679 741 994 786 contortamque
1025 730 1218 770 reddunt.
1279 728 1446 779 Quare,
1477 727 1576 769 licet
1603 730 1646 769 in
1679 729 1745 770 his

127 810 420 865 similibusque
461 810 587 851 rebus
629 816 844 865 poetarum
882 808 1162 850 Arabicorum
1201 806 1450 859 artificium,
1490 806 1744 862 linguaeque

126 888 337 930 Arabicae
367 889 535 929 divitias
566 890 792 938 miremur,
824 898 963 928 tamen
985 885 1280 927 Hebraeorum
1311 891 1457 941 poetas
1481 899 1743 940 nequaquam

125 966 520 1021 reprehendendos,
554 968 739 1021 quinimo
766 965 1000 1006 laudandos
1030 978 1273 1014 censemus,
1305 965 1414 1019 quod
1436 965 1600 1019 parcius
1621 977 1744 1018 quam

127 1043 292 1086 Arabes
323 1046 642 1099 paronomasias
681 1044 986 1098 verborumque
1025 1041 1144 1084 lusus
1175 1042 1459 1084 adhibuerint.

769 1182 805 1229 ς
853 1176 1100 1220 cxnvnr

239 1277 365 1328 Quod
397 1287 614 1334 praeterea
645 1280 686 1320 in
719 1279 968 1334 quibusdam
993 1278 1288 1320 Hebraeorum
1319 1277 1577 1318 carminibus
1604 1277 1741 1317 cerni-

126 1366 193 1398 tur
215 1356 463 1407 artificium,
497 1371 646 1411 nempe
669 1358 777 1412 quod
800 1359 968 1412 singula·
986 1359 1058 1399 vel
1076 1370 1244 1406 versuo,
1276 1356 1349 1396 vel
1373 1353 1576 1409 strophae
1597 1355 1742 1395 literis

120 1434 384 1491 primoribus
413 1434 637 1488 alphabeti
667 1435 858 1476 ordinem
887 1439 1240 1490 repraesentent,
1270 1434 1313 1473 id
1336 1442 1376 1473 et
1398 1431 1584 1472 Arabum
1609 1432 1744 1485 poetis

126 1512 241 1553 haud
272 1514 534 1566 incognitum
564 1511 863 1566 insolitumque
895 1522 971 1553 est.
1029 1510 1177 1552 Solent
1202 1520 1340 1551 autem
1364 1509 1529 1550 Arabes
1560 1509 1743 1548 maxime

126 1591 360 1631 sententias
404 1588 715 1644 proverbiales,
768 1604 875 1644 quae
922 1592 965 1630 in
1014 1590 1182 1629 diverso
1224 1600 1454 1641 parumque
1492 1585 1746 1627 cohaerente

125 1677 375 1724 argumento
417 1676 656 1717 versantur,
695 1668 924 1708 secundum
964 1664 1175 1720 alphabeti
1209 1667 1362 1705 seriem
1404 1665 1653 1717 disponere,
1693 1677 1744 1703 eo

126 1746 293 1802 quidem
325 1744 529 1794 consilio,
563 1754 628 1794 ut,
659 1744 810 1799 quibus
837 1746 943 1784 desit
970 1745 1160 1784 internus
1187 1757 1347 1793 nexus,
1379 1741 1531 1783 saltem
1563 1750 1741 1781 externo

126 1824 307 1880 quodam
350 1821 518 1863 vinculo
563 1806 689 1862 inter
714 1836 760 1862 se
803 1823 1128 1876 conjungantur.
1189 1820 1260 1861 Sic
1290 1822 1332 1861 in
1366 1819 1504 1875 ampla
1534 1817 1608 1858 illa
1647 1832 1743 1873 pro-

124 1902 366 1943 verbiorum
387 1898 669 1940 Arabicorum
691 1898 954 1949 collectione,
986 1912 1092 1954 quae
1106 1898 1337 1940 Memmio
1358 1896 1548 1947 debetur,
1579 1910 1742 1946 omnes,

125 1994 233 2036 quae
267 1979 415 2020 eadem
446 1977 570 2018 litera
604 1979 831 2032 incipiunt,
874 1978 1109 2018 sententiae
1146 1977 1405 2030 compositae
1436 1983 1478 2015 et
1509 1974 1740 2015 secundum

124 2056 342 2113 alphabeti
381 2058 572 2097 ordinem
611 2057 837 2111 dispositae
879 2054 1104 2096 habentur.
1178 2053 1293 2094 Hinc
1330 2053 1512 2094 fortasse
1549 2051 1740 2108 colligas,

124 2145 168 2176 et
196 2134 490 2176 Hebraeorum
522 2139 667 2188 poetas
699 2132 964 2187 alphabetica
994 2131 1069 2172 illa
1098 2133 1330 2173 carminum
1362 2132 1621 2187 quorundam
1654 2132 1740 2171 dis-

123 2212 334 2267 positione
367 2210 428 2252 nil
464 2210 577 2252 aliud
618 2220 855 2265 spectasse,
904 2212 988 2251 nisi
1028 2219 1073 2251 ut
1103 2211 1362 2260 sententiae,
1404 2223 1577 2265 quarum
1618 2223 1741 2263 argu-

124 2299 310 2331 mentum
346 2303 492 2346 parum
531 2288 800 2338 cohaereret,
846 2287 994 2330 saltem
1036 2297 1213 2329 externo
1252 2286 1393 2342 aliquo
1433 2285 1600 2327 vinculo
1640 2299 1740 2327 con-

124 2377 404 2410 necterentur.
463 2368 625 2410 Verum
668 2368 834 2408 diversa
865 2365 1077 2421 aliquanto
1108 2366 1340 2407 carminum
1370 2363 1539 2405 illorum
1574 2364 1738 2403 videtur

122 2447 246 2486 ratio.
306 2445 404 2488 Non
434 2448 547 2487 enim
579 2447 737 2487 diversi
766 2445 1003 2500 argumenti
1033 2445 1263 2485 sententias
1289 2445 1521 2494 continent,
1552 2441 1624 2482 sed
1650 2455 1738 2492 eas,

124 2535 231 2576 quae
270 2524 323 2565 ad
353 2525 530 2566 eandem
569 2538 716 2565 omnes
757 2524 974 2564 materiam
1015 2522 1276 2569 referuntur3
1321 2520 1470 2575 quibus
1501 2521 1630 2574 igitur
1660 2533 1738 2560 ex-

124 2606 288 2642 ternum
326 2601 432 2643 illud
472 2599 727 2656 alphabetici
767 2601 927 2642 ordinis
975 2599 1186 2642 vinculum
1233 2598 1357 2640 facile
1401 2598 1548 2638 deesse
1589 2597 1736 2652 potuit.

125 2673 284 2720 Contra
310 2681 355 2720 in
385 2677 718 2722 Proverbioram
747 2676 858 2718 libro
890 2687 931 2718 et
961 2679 1004 2718 in
1028 2677 1299 2719 Ecclesiaste
1327 2676 1440 2716 haud
1471 2688 1567 2716 raro
1597 2676 1735 2715 diver-

124 2755 282 2796 sissimi
328 2758 563 2813 argumenti
612 2757 841 2796 sententias
895 2757 1171 2809 compositas,
1221 2767 1354 2809 neque
1400 2762 1537 2793 tamen
1587 2753 1734 2793 ordine
