1968 2990
743 616 1004 661 Pal-s
1061 615 1118 660 Ι.

358 724 409 760 De
439 725 583 773 ariqine
612 729 644 760 et
675 725 795 759 causis
822 724 970 770 poeseos
1002 724 1103 770 apud
1138 723 1317 759 Hebraeos
1349 720 1563 770 Arabesque,

802 850 976 895 Gap.
1023 852 1065 886 Ι.

510 944 556 975 Dc
592 943 721 983 origine
759 948 795 974 et
829 942 944 974 causis
978 943 1122 985 poeseos
1159 942 1359 974 Hebraicae.

881 1068 918 1115 ξ.
952 1066 983 1106 l.

123 1128 332 1197 Po'e‘seos
364 1152 605 1193 Hebraicae
638 1155 843 1207 originem
885 1155 937 1193 ad
977 1154 1271 1207 antiquissima
1303 1162 1492 1206 tempora
1532 1152 1746 1202 recedere,

128 1248 252 1276 nemo
285 1241 372 1281 est,
420 1233 490 1286 qui
522 1241 590 1271 eat
618 1231 789 1272 infitias.
861 1230 1054 1286 Namque
1085 1232 1121 1270 si
1156 1243 1296 1270 verum
1339 1238 1428 1280 est,
1484 1244 1627 1270 sacros
1660 1230 1750 1270 He-

128 1314 356 1355 braeorum
399 1308 560 1359 libros,
615 1324 719 1364 quos
751 1309 920 1350 Veteris
956 1309 1223 1350 Testamenti
1258 1305 1551 1360 complectitur
1591 1308 1743 1357 codex,

127 1389 435 1445 antiquissimis
464 1387 638 1427 humani
677 1389 839 1443 ingenii
870 1389 1152 1428 monumentis
1184 1400 1277 1426 esse
1311 1385 1675 1434 adnumerandos3
1716 1387 1751 1425 si

128 1483 273 1509 verum
300 1474 387 1516 est,
420 1467 557 1520 prima
583 1467 770 1519 cujusvis
802 1465 944 1521 populi
970 1467 1192 1507 conamina
1223 1463 1411 1504 literaria
1443 1464 1620 1517 poeticis
1654 1477 1751 1503 con-

129 1547 256 1588 tineri
287 1543 474 1584 lusibus:
522 1558 646 1584 nemo
677 1545 864 1599 profecto
896 1544 1091 1600 negabit,
1136 1549 1315 1598 poeseos
1346 1541 1586 1582 Hebraicae
1619 1542 1751 1594 origi-

130 1638 227 1665 nem
259 1638 284 1663 a
315 1623 609 1662 remotissimis
640 1623 902 1677 temporibus
933 1637 1027 1663 esse
1060 1623 1343 1674 repetendam.
1417 1618 1535 1666 Quae
1567 1632 1659 1657 cum
1693 1620 1751 1657 ita

131 1705 242 1752 sint,
275 1701 497 1754 insigniter
528 1709 666 1740 tamen
701 1699 900 1741 alucinati
930 1710 1027 1741 sunt
1057 1700 1136 1738 viri
1170 1699 1280 1738 docti
1306 1699 1348 1736 in
1375 1695 1616 1736 definiendo
1647 1704 1754 1736 tem-

131 1793 256 1835 pore,
288 1792 370 1832 quo
392 1775 687 1818 Hebraeorum
718 1779 859 1832 poesis
886 1779 1105 1832 omnisque
1130 1778 1170 1816 in
1199 1777 1440 1815 universum
1469 1773 1611 1828 populi
1638 1773 1753 1814 illius

132 1872 202 1899 res
231 1856 420 1897 literaria
451 1857 656 1910 originem
690 1856 897 1897 habuerit.
956 1854 1148 1909 Namque
1179 1855 1319 1902 fuere,
1351 1853 1421 1907 qui
1442 1854 1502 1892 rei
1522 1850 1752 1902 lherariae,

132 1937 219 1976 imo
271 1933 669 1974 conscribendorum
724 1933 928 1975 librorum
982 1934 1091 1988 apud
1143 1933 1366 1973 Hebraeos
1416 1932 1537 1970 initia
1586 1930 1653 1970 vel
1703 1932 1756 1971 ad

134 2012 452 2062 Abrahanmm,
497 2014 636 2066 gentis
668 2012 907 2054 Hebraicae
948 2013 1236 2060 conditorem,
1281 2010 1489 2050 referrent
1527 2009 1579 2063 ¹).
1648 2008 1752 2058 Alii,

137 2093 216 2132 etsi
237 2091 349 2130 haud
379 2091 429 2129 ad
454 2090 744 2131 Abrahamum
775 2105 907 2145 usque
939 2091 1207 2139 recederent,
1241 2097 1381 2128 tamen
1411 2086 1571 2142 aliquot
1601 2086 1755 2128 seculis

136 2179 233 2210 ante
264 2168 405 2209 Masis
437 2176 615 2208 aetatem
647 2183 734 2208 rem
761 2168 1056 2209 Hebraeorum
1088 2166 1343 2217 literar-iam,
1375 2166 1553 2220 proinde
1584 2175 1627 2205 et
1657 2171 1756 2219 po'e-

137 2248 203 2288 sin
234 2247 401 2287 initium
437 2248 640 2287 sumsisse
679 2246 986 2287 contenderunt
1020 2247 1074 2299 ²).
1151 2244 1270 2293 Quae
1302 2258 1448 2284 eorum
1479 2245 1662 2285 maxime
1695 2255 1756 2282 est

197 2427 240 2479 l)
280 2428 437 2464 lmman.
470 2428 638 2480 Bergeri
681 2427 918 2466 introductio
951 2426 1129 2477 practica
1170 2427 1207 2464 in
1240 2427 1325 2463 vet.
1359 2426 1538 2463 Testam.
1578 2424 1710 2461 Partis·
1744 2424 1754 2459 Ι

250 2510 287 2546 p.
318 2493 357 2540 6,
390 2507 499 2545 sequ.

198 2571 242 2623 2)
283 2572 486 2610 Leonardi
529 2572 750 2610 Bertholdti
792 2571 1032 2610 introductio
1074 2571 1214 2608 histor.
1257 2570 1345 2607 crit.
1384 2570 1422 2606 in
1461 2569 1547 2606 vet.
1578 2568 1755 2618 Novique

254 2641 435 2678 Testam.
468 2639 617 2685 libros,
650 2635 695 2677 P.
718 2641 786 2687 ΙΙΙ,
818 2655 854 2691 p.
873 2639 980 2685 8373
1015 2638 1121 2676 conf.
1151 2639 1197 2675 P.
1219 2639 1247 2683 Ι,
1276 2652 1312 2688 p.
1333 2635 1370 2674 5.

1359 2717 1377 2750 1
1411 2714 1428 2730 3
