1947 3021
159 182 185 218 6
793 182 886 218 Pars
916 182 949 219 1.
1010 180 1101 229 Cap.
1132 180 1162 216 l.

164 289 503 344 significatione,
533 302 640 343 quae
672 288 740 330 vel
770 299 868 330 ante
898 289 1092 339 BIosem,
1129 287 1194 328 vel
1223 289 1317 343 ipsa
1345 287 1488 328 Mom-
1516 295 1654 327 aetate
1686 287 1800 329 obti-

167 369 339 418 nuisse,
384 378 532 422 postea
568 381 669 407 vero
710 381 764 408 ex
805 367 1025 408 hominum
1068 381 1144 408 usu
1185 368 1410 408 evanuisse
1449 366 1628 407 videtur.
1704 365 1802 407 Huc

170 445 333 487 referas
364 456 597 500 pronomen
639 446 664 483 3
696 458 808 497 pers,
839 455 950 495 ΜΠ,
1002 429 1112 500 cuod
1153 460 1242 500 cap·
1275 445 1461 496 XXXI,
1503 459 1541 485 v.
1575 449 1655 495 11,
1704 444 1800 486 loco

170 524 362 564 feminini
395 536 474 566 ww
505 522 754 571 adhibetur-3
787 526 859 578 qui
882 523 1082 579 loquendi
1108 539 1230 575 usus,
1259 534 1426 579 praeter
1451 522 1801 574 pentateuchum,

170 616 375 656 nusquam
416 600 523 641 alias
564 603 604 641 in
646 600 797 642 Veteri
837 601 1117 643 Testamento
1160 604 1378 658 reperitur.
1454 601 1579 643 Adde
1623 601 1802 643 verbum

169 691 256 739 1232:
277 709 289 729 ,
322 680 433 734 quod
467 680 508 720 in
540 679 646 720 Jobz·
675 678 786 720 libro
820 681 1024 735 probum,
1058 684 1298 736 inte-grum,
1330 683 1542 721 insontem
1573 694 1692 731 esse,
1731 682 1805 734 J'u-

170 768 280 798 stam
311 772 483 798 causam
511 757 670 798 habere
701 756 937 811 significan
970 774 1092 813 quam
1116 759 1471 818 significationem
1494 760 1663 799 nonnisi
1686 757 1806 800 locus

170 841 189 876 1
215 835 329 877 Mos.
358 851 451 891 cap.
481 835 753 885 XXXVIII,
785 841 863 887 26,
894 838 1048 888 refert,
1076 839 1251 879 serioris
1282 846 1419 877 autem
1452 838 1546 878 aevi
1576 839 1808 892 scriptores

169 913 390 968 paululum
411 916 700 956 immutarunt.
741 914 869 956 Haud
893 914 1016 957 aliter
1038 926 1079 956 et
1102 917 1152 957 de
1175 913 1393 956 vocabulis
1419 915 1506 973 :75⁷3
1529 929 1620 970 cap.
1640 913 1807 966 XVIII,

173 997 226 1033 14
256 992 322 1046 5),
366 1002 409 1034 et
440 994 540 1037 Οὐδ’
573 1008 661 1047 cap.
695 993 810 1044 XX,
845 999 920 1044 11,
963 995 1244 1035 statuendum.
1319 991 1514 1047 Namque
1556 992 1807 1034 vocabulum

173 1073 257 1125 7⁷:72
300 1071 400 1111 inde
434 1086 459 1111 a
491 1070 684 1113 Damalis
715 1083 851 1112 aetate
884 1075 1054 1113 nonnisi
1086 1087 1229 1127 regem
1263 1074 1458 1119 denotat,
1508 1081 1551 1112 at
1580 1086 1682 1112 vero
1711 1070 1808 1112 loco

172 1152 299 1190 citato
326 1163 411 1190 non
438 1163 598 1204 regem,
631 1150 706 1189 sed
732 1151 879 1190 ducem
904 1149 1139 1204 significat3
1174 1151 1284 1190 unde
1306 1150 1500 1199 efficitur,
1531 1148 1635 1191 John·
1653 1148 1808 1190 librum

171 1230 225 1268 iis
257 1226 520 1281 temporibus
551 1227 684 1267 fuisse
718 1230 1028 1281 conscriptum,
1069 1228 1221 1282 quibus
1253 1228 1444 1268 Hebraei
1475 1241 1609 1282 neque
1636 1227 1810 1282 regibus

172 1305 356 1358 subjecti
395 1314 564 1355 essent,
617 1320 753 1360 neque
794 1307 968 1345 omnino
1012 1308 1156 1359 regiae
1196 1307 1412 1360 dignitatis
1445 1307 1660 1347 notionem
1691 1315 1812 1347 tene-

174 1392 292 1430 rent3
335 1397 443 1437 quae
475 1392 665 1437 tempora
697 1382 841 1436 procul
872 1383 1000 1423 dubio
1029 1385 1218 1436 judicum
1252 1383 1560 1424 Hebraicorum
1593 1393 1814 1425 transcen-

176 1462 282 1502 dunt
316 1470 511 1502 aetatem.
581 1459 707 1509 Quod
738 1462 791 1501 ad
824 1459 1076 1501 vocabulum
1106 1463 1203 1504 :2759
1234 1462 1418 1512 adtinet,
1465 1471 1632 1516 praeter
1668 1461 1811 1503 locum

176 1538 393 1578 laudatum
419 1540 614 1592 nuspiam
645 1539 852 1594 singulari
876 1553 1053 1580 numero
1076 1541 1282 1588 occurrit3
1315 1541 1426 1581 unde
1447 1542 1665 1594 conjicias,
1697 1540 1813 1582 hunc

178 1615 380 1670 loquendi
412 1630 534 1656 usum
569 1618 618 1657 ad
654 1619 947 1672 antiquissima
978 1619 1178 1658 recedere
1210 1628 1417 1673 tempora.
1483 1618 1611 1659 Haud
1643 1619 1813 1674 quidem

180 1695 358 1743 desunt,
410 1696 480 1747 qui
512 1709 565 1735 ex
598 1695 940 1736 Masoretliarum
973 1698 1184 1736 sententia
1214 1710 1292 1751 pro
1323 1695 1534 1751 singulari
1563 1699 1690 1741 ηυξ»
1721 1696 1815 1752 plu-

181 1771 313 1812 ralem
354 1773 494 1815 7³725b³⁷
535 1772 762 1827 legendum
807 1775 1094 1827 praecipiant,
1143 1788 1250 1827 quae
1293 1783 1433 1815 tamen
1476 1773 1605 1815 lectio
1646 1773 1817 1828 recepta

180 1851 365 1890 deterior
405 1852 631 1891 censenda.
714 1849 906 1903 Namque
938 1866 991 1890 ox
1025 1853 1266 1892 criticorum
1301 1853 1513 1892 sententia
1544 1849 1669 1891 lectio
1701 1850 1816 1892 diffi-

181 1924 304 1966 cilior
334 1926 558 1980 minusque
598 1928 749 1967 usitata
782 1926 961 1967 faciliori
993 1938 1115 1982 atque
1148 1930 1385 1978 usitatiori,
1439 1930 1591 1969 ceteris
1625 1928 1813 1983 paribus,

234 2167 279 2219 6)
320 2171 361 2205 ln
392 2169 610 2206 Bertlioldti
646 2169 790 2207 inti-od.
833 2172 876 2208 I'.
901 2171 942 2216 V,
978 2185 1012 2220 p.
1037 2170 1161 2213 213-1,
1196 2173 1286 2208 ,lobi
1321 2186 1407 2224 cap.
1434 2174 1519 2220 XV,
1556 2173 1620 2219 l—Ir,
1654 2174 1815 2213 citatur.

290 2237 342 2273 At
374 2249 465 2275 vero
499 2250 545 2273 eo
581 2237 668 2273 loco
712 2239 940 2275 vocabulum
979 2239 1063 2288 7372
1109 2252 1183 2275 non
1225 2239 1401 2277 habetur.
1468 2242 1602 2283 Quare
1635 2243 1815 2292 putarim,

293 2303 569 2339 Bertlioldtum
611 2316 697 2353 cap.
733 2306 885 2350 xt'm„
936 2304 1005 2349 1⁴,
1051 2306 1297 2355 respexisse,
1354 2320 1430 2357 quo
1464 2308 1501 2344 in
1538 2308 1627 2345 loco
1661 2309 1815 2345 omnino

300 2369 528 2406 vocabulum
565 2370 657 2406 illud
692 2371 878 2408 occurrit.
942 2373 1160 2409 Notandum
1196 2373 1232 2409 in
1265 2373 1510 2419 universum,
1553 2375 1816 2428 diligentissi-

297 2449 395 2471 mum
443 2436 546 2472 illum
591 2437 765 2487 alioquin
807 2447 1006 2476 auctorem
1052 2440 1088 2476 in
1132 2439 1301 2476 citandis
1343 2439 1442 2476 locis
1484 2440 1641 2478 biblicis
1690 2441 1815 2479 minus

299 2502 513 2552 diligenter
557 2511 750 2540 versatum
796 2504 933 2542 fuisse.
1007 2506 1176 2557 Namque
1217 2512 1255 2542 et
1297 2506 1333 2542 in
1370 2506 1442 2551 iis,
1496 2520 1596 2558 quae
1635 2508 1814 2558 sequenti

298 2568 470 2619 pagina,
514 2569 645 2614 2135,
695 2571 868 2608 citantur
909 2572 1008 2608 locis
1042 2572 1224 2617 biblicis,
1267 2573 1358 2609 Jobi
1392 2574 1519 2619 xm,
1547 2572 1625 2618 19,
1671 2572 1817 2612 Genes-

299 2635 408 2680 xm,
444 2634 519 2682 18,
551 2642 746 2683 erratu1n3
789 2637 980 2689 siquidem
1011 2638 1102 2676 Jobi
1135 2639 1234 2683 xn,
1268 2638 1341 2685 19,
1372 2645 1411 2677 ct
1440 2641 1586 2678 tiones.
1612 2639 1716 2686 XIV,
1751 2639 1816 2683 18,

299 2700 518 2749 legendum.
