1968 3095
192 194 271 230 ⁸244
808 186 900 223 Pars
929 185 991 224 W.
1057 187 1147 234 Cap.
1181 185 1207 221 1.

831 298 870 346 ξ.
919 293 1177 336 CXXXIII.

309 376 432 425 Quod
472 374 653 428 denique
694 373 744 412 ad
788 372 861 414 illa
895 374 1058 414 adtinet
1089 374 1300 423 carmina,
1342 385 1522 427 quorum
1554 373 1726 428 singuli
1755 375 1828 415 vel

197 468 368 504 versus,
398 453 469 494 vel
490 451 696 506 strophae
726 453 871 493 literis
886 452 1153 507 primoribus
1176 450 1404 506 alphabeti
1431 450 1622 492 ordinem
1646 464 1823 506 reprae-

195 536 396 580 sentant,
429 531 470 570 id
500 530 725 571 artificium
760 531 813 571 ab
843 532 1073 586 antiquiori
1102 528 1352 584 meliorique
1376 527 1671 570 Hebraeorum
1705 531 1821 584 poesi

196 609 406 659 alienum,
439 619 479 649 et
500 610 670 649 nonnisi
695 624 720 649 a
742 611 914 650 serioris
944 611 1037 649 aevi
1060 610 1196 662 poetis
1223 606 1461 647 adhibitum
1485 607 1617 648 fuisse
1643 606 1823 649 videtur.

195 689 263 730 Ad
284 688 326 728 id
352 689 583 728 carminum
608 701 742 742 genus
766 690 973 742 pertinent
994 687 1244 741 psalmi 25,
1270 689 1338 735 34,
1368 689 1437 735 37,
1469 689 1562 735 111,
1599 689 1693 736 112,
1726 689 1823 736 119,

198 770 306 815 145,
335 767 550 806 Ιενεηιίαε
579 765 747 815 threni,
789 775 967 818 excepto
1001 766 1136 819 capite
1173 762 1349 814 ultimo,
1384 777 1461 804 nec
1493 777 1576 804 non
1613 762 1824 805 Proverb.

197 859 291 898 cap.
317 843 500 893 XXXI,
528 845 625 884 inde
649 859 672 883 a
696 858 817 882 versu
839 845 1003 884 decimo
1028 844 1080 884 ad
1101 841 1230 883 finem
1253 856 1401 896 usque.
1454 840 1718 889 Quaesivere
1745 842 1825 882 viri

197 925 332 971 docti,
367 922 518 976 quibus
547 936 600 962 ex
636 924 777 962 causis
810 921 1036 962 artificium
1065 921 1171 961 illud
1199 922 1433 961 carminum
1463 918 1823 974 alphabeticorum

195 1002 433 1057 profectum
469 999 622 1040 fuerit?
683 1000 750 1040 Ex
784 999 980 1040 Lowehii
1014 1001 1229 1041 sententia
1270 999 1363 1052 l¹⁰)
1394 999 1437 1038 in
1469 1003 1700 1039 memoriae
1728 997 1824 1039 eub-

196 1081 352 1121 sidium
369 1077 615 1118 .adhibitu1n
650 1078 729 1118 fuit
759 1080 813 1118 iis
838 1080 880 1118 in
916 1077 1046 1128 locis,
1078 1080 1121 1118 in
1153 1077 1306 1133 quibus
1336 1078 1573 1118 sententiae
1605 1076 1824 1130 quaedam,

195 1158 288 1212 ipsa
327 1170 466 1197 rerum
498 1165 540 1196 et
569 1158 808 1211 argumenti
841 1158 1152 1197 necessitudine
1184 1170 1267 1196 non
1302 1153 1478 1196 multum
1509 1156 1619 1194 inter
1653 1168 1700 1194 se
1725 1167 1825 1195 cou-

196 1249 350 1283 nexae,
370 1232 684 1289 colligerentur.
725 1234 922 1276 Lowtlzit
942 1237 1177 1275 sententiae
1198 1235 1363 1274 accedit
1383 1242 1425 1274 et
1439 1233 1478 1273 J.
1497 1232 1556 1275 D.
1570 1231 1823 1282 Michaelis,

196 1315 267 1367 qui
290 1315 330 1353 in
358 1314 468 1352 notis
487 1314 538 1352 ad
563 1315 734 1353 citatum
757 1312 895 1353 locum
917 1312 1021 1352 haec
1042 1313 1177 1353 addit:
1204 1311 1414 1362 „lamenta
1433 1324 1510 1350 sua
1527 1311 1580 1350 ad
1604 1309 1822 1351 literarum

196 1393 388 1432 ordinem
424 1391 604 1444 digessit
635 1393 884 1440 Jeremz‘aS,
909 1392 1139 1430 memoriae
1169 1388 1469 1443 praeficarum,
1511 1386 1697 1430 lamenta
1731 1389 1825 1429 edi-

195 1472 400 1511 scentium
416 1500 426 1520 ,
459 1470 662 1508 serviens.
722 1468 786 1508 Ac
812 1469 919 1508 sorte
942 1470 1076 1522 prima
1093 1467 1235 1520 ..hujus
1259 1465 1426 1507 artificii
1448 1467 1568 1521 origo
1596 1467 1638 1506 in
1661 1465 1823 1508 lamen-

195 1549 272 1594 tis;
306 1547 417 1587 unde
442 1545 642 1601 paulatim
673 1547 722 1586 ad
754 1545 838 1586 alia
872 1547 1085 1594 carmina,
1117 1559 1142 1584 a
1175 1546 1316 1599 pueris
1341 1559 1391 1585 ac
1426 1544 1549 1599 plebe
1581 1545 1822 1596 ediscenda,

196 1635 242 1666 ut
273 1624 358 1666 illis
390 1639 466 1679 pro
497 1625 720 1664 sententiis
750 1633 990 1672 uterentur,
1030 1621 1298 1663 translatum.
1367 1620 1518 1677 Neque
1547 1638 1644 1673 ars,
1675 1633 1823 1678 suapte

194 1704 344 1743 natura
369 1701 520 1753 exilis,
553 1704 595 1742 in
622 1711 738 1742 tanto
760 1701 971 1742 Hebraeis
1002 1700 1167 1741 honore
1199 1702 1374 1751 fuisset,
1402 1709 1447 1741 ut
1476 1690 1667 1754 primarii
1692 1702 1820 1741 etiam

190 1787 341 1835 poetae
361 1778 475 1820 illam
500 1782 588 1820 suis
610 1780 870 1821 carminibus
896 1779 1006 1819 haud
1035 1780 1252 1833 indignnam
1287 1788 1531 1828 censerent,
1564 1780 1647 1819 nisi
1673 1791 1820 1820 necen-

191 1860 294 1899 sitas
317 1873 407 1898 eam
436 1861 616 1912 primum
643 1861 684 1899 in
717 1859 879 1899 threnis
913 1857 1175 1912 vulgasset.“
1232 1856 1290 1896 At
1321 1870 1421 1896 vero
1453 1858 1610 1897 rectius
1637 1856 1821 1903 fortasse

191 1946 375 1986 statuas,
418 1936 736 1988 alphabeticum
775 1935 891 1975 illam
927 1948 1122 1973 versuum
1158 1935 1481 1987 dispositionem
1522 1933 1579 1973 nil
1607 1947 1703 1974 esse
1734 1935 1817 1975 nisi

191 2015 380 2066 ineptum
413 2014 618 2052 seriorum
652 2019 867 2066 poetarum
900 2009 1064 2059 lusum,
1097 2012 1194 2064 qui,
1225 2024 1318 2050 cum
1351 2012 1513 2064 priscae
1548 2017 1725 2064 poeseos
1755 2012 1818 2053 di-

189 2093 392 2145 gnitatem
426 2089 536 2130 haud
572 2099 742 2144 possent
775 2089 998 2142 consequi,
1040 2102 1150 2127 novo
1186 2087 1327 2142 aliquo
1362 2086 1548 2128 artificio
1583 2091 1818 2132 carminum

187 2182 362 2208 suorum
400 2169 648 2210 tenuitatem
681 2180 958 2221 compensare
990 2165 1240 2210 studebant.v
1299 2164 1427 2206 Certe
1457 2167 1494 2207 si
1525 2166 1818 2209 carmina=illa

187 2245 434 2299 diligentius
476 2244 662 2299 relegas,
703 2246 862 2286 fateare
903 2258 1076 2284 necesse
1117 2253 1206 2294 est,
1252 2258 1302 2285 ea
1339 2258 1477 2298 neque
1509 2247 1817 2300 cogitationum

186 2322 498 2376 profunditate,
544 2337 679 2376 neque
709 2324 948 2364 adfectuum
983 2324 1153 2376 vigore,
1197 2336 1332 2376 neque
1367 2323 1564 2364 dictionis
1600 2322 1814 2382 elegantia

185 2413 281 2440 sese
313 2402 637 2451 commendare,
676 2401 939 2455 multumque
967 2400 1020 2442 ab
1051 2400 1367 2456 antiquioribus.
1392 2387 1696 2443 Hebraeorum*
1716 2415 1812 2442 car*—

185 2477 371 2518 minibus
396 2480 603 2532 superari.

240 2646 339 2692 110)
371 2646 430 2683 De
454 2648 570 2684 snei-zi
599 2647 814 2684 Hebraeor.
844 2646 977 2694 poesi,
1010 2660 1046 2695 p.
1066 2646 1162 2691 451,
1193 2645 1292 2692 452,
1323 2646 1518 2684 editionis*
1542 2658 1566 2683 u
1596 2645 1639 2683 .Ι·.·
1658 2644 1801 2687 'hstiis

294 2712 442 2750 abuelis
474 2714 705 2752 adornatae.
1245 2737 1247 2740 <
1735 2732 1738 2737 ·
