1979 3073
789 212 1036 258 Comparatio.
1641 209 1724 247 207

105 319 278 373 hymni,
311 333 511 360 sensuum
540 327 666 374 atque
701 320 1000 373 cogitationum
1031 317 1291 360 sublimitate
1320 317 1499 361 multum
1531 328 1733 372 superent

105 398 307 453 quidquid
338 399 378 437 in
401 396 588 438 Arabum
620 398 738 451 poesi
769 396 869 437 elati
900 405 1022 451 atque
1053 397 1299 451 grandisoni
1329 395 1522 436 habetur.
1580 395 1730 450 Neque

108 484 250 515 tamen
279 476 345 526 id,
386 476 495 530 quod
525 475 577 515 de
607 488 803 515 sensuum
834 480 964 528 atque
995 477 1309 528 cogitat-ionum
1347 472 1612 514 sublimitate
1642 483 1731 514 sta-

105 554 281 602 tuimus,
321 555 372 592 ad
404 554 660 594 elocutionis
695 566 860 606 quoque
893 551 1201 592 sublimitatem
1230 550 1493 590 trahendum.
1561 550 1731 592 Etenim

109 629 220 671 hanc
251 631 360 684 quod
392 631 575 679 adtinet,
617 630 804 670 Arabum
838 631 983 683 poesin
1017 628 1229 668 Hebraica
1266 642 1525 683 nequaquam
1554 629 1732 670 inferio-

105 721 220 757 rem,
253 709 484 762 quinimmo
515 709 778 762 superiorem
813 708 1160 748 existimaverim.
1225 704 1418 760 Namque
1450 705 1593 759 lingua
1622 705 1732 746 Ara-

103 784 200 825 bica
250 787 293 825 in
343 787 612 834 universum,
667 785 891 840 poesisque
939 786 1132 839 inprimis
1174 783 1329 838 magna
1377 785 1728 838 grandisonorum

69 900 72 904 .
105 862 386 916 epithetorum
417 862 605 903 luxuriat
635 865 777 916 copia,
812 862 961 917 quibus
984 861 1165 902 elocutio
1197 865 1350 902 mirum
1380 862 1423 901 in
1456 862 1625 901 modum
1659 875 1729 901 or-

104 950 227 982 natur
260 940 522 996 tolliturque3
556 950 701 981 contra
720 940 864 993 lingua
886 940 1102 980 Hebraica
1127 939 1404 993 epithetorum
1428 940 1604 993 penuria
1629 939 1731 990 qua-

106 1020 202 1059 dam
232 1018 423 1067 laborat,
466 1020 525 1058 ita
557 1028 599 1058 ut
631 1017 743 1059 haud
777 1033 870 1058 raro
901 1019 1178 1059 substantivis
1210 1017 1515 1069 adjectivorum
1547 1015 1642 1055 loco
1669 1016 1731 1055 uti

80 1110 279 1148 *necesse
313 1096 478 1136 habeat.
537 1095 736 1145 Accedit,
768 1097 878 1151 quod
908 1096 1094 1136 Arabum
1127 1100 1274 1149 poetae
1306 1093 1437 1134 multo
1468 1094 1729 1147 frequentius

104 1188 229 1228 quam
270 1174 483 1222 Hebraei,
528 1175 671 1227 spreta
712 1173 872 1228 vulgari
913 1173 1095 1226 alicujus
1135 1174 1197 1212 rei
1239 1170 1545 1225 adpellatione‚
1587 1170 1730 1222 aliam,

104 1251 159 1291 ab
190 1252 347 1306 insigni
380 1252 560 1305 quadam
592 1250 705 1291 illius
736 1252 798 1290 rei
831 1252 1083 1304 proprietate
1110 1251 1307 1304 petitam,
1339 1249 1618 1299 substituant3
1649 1251 1730 1303 qua

104 1343 151 1369 re
183 1328 295 1369 haud
328 1343 472 1382 parum
504 1330 702 1382 ponderis
732 1339 855 1383 atque
896 1328 1169 1369 sublimitatis
1211 1329 1388 1367 orationi
1431 1328 1612 1366 additur.
1673 1325 1731 1367 Ut

105 1407 238 1461 igitur
285 1421 486 1447 sensuum
527 1416 653 1460 atque
695 1408 997 1461 cogitationum
1039 1403 1299 1445 sublimitate
1338 1403 1526 1444 Hebraei
1567 1403 1731 1444 Arabes

106 1494 328 1538 superant,
360 1485 419 1524 ita
450 1483 702 1525 elocutionis
733 1486 970 1539 granditate
990 1482 1157 1523 Arabes
1192 1481 1404 1522 Hebraeis
1434 1481 1730 1536 anteponendi.

806 1565 842 1612 ξ.
896 1560 1010 1602 CVI.

219 1638 411 1679 Tertium
444 1640 611 1679 dicendi
640 1653 802 1693 genus,
834 1640 877 1679 in
911 1653 991 1693 quo
1017 1637 1310 1678 Hebraeorum
1338 1638 1478 1690 poesis
1507 1650 1599 1676 cum
1624 1635 1732 1677 Ara-

106 1717 202 1758 bica
236 1718 468 1764 consentit,
497 1716 748 1770 figuratum
779 1725 855 1756 est.
926 1716 980 1755 Et
1018 1718 1062 1755 in
1104 1715 1184 1754 hoc
1224 1728 1380 1768 genere
1420 1712 1589 1766 aliquod
1621 1715 1731 1754 inter

106 1803 328 1848 utramque
361 1795 506 1847 poesin
541 1793 704 1833 obtinet
736 1795 988 1841 discrimen,
1028 1794 1118 1833 sive
1149 1792 1312 1841 fontes,
1345 1805 1367 1830 e
1399 1790 1549 1844 quibus
1577 1793 1731 1845 imagi-

106 1886 182 1912 nes
214 1880 434 1925 petuntur,
483 1873 573 1910 sive
616 1873 846 1924 imaginum
888 1873 1074 1925 ipsarum
1121 1871 1284 1924 copiam
1331 1877 1454 1923 atque
1483 1870 1728 1908 varietatem

104 1958 286 2003 spectes.
338 1948 575 2002 Imaginum
605 1949 726 2002 copia
757 1959 880 2002 atque
914 1951 1117 1988 varietate
1139 1947 1326 1987 Arabum
1350 1951 1495 2000 poetas
1519 1945 1729 1986 Hebraeis

104 2028 342 2080 superiores
376 2040 493 2075 esse,
531 2028 618 2079 jam
663 2029 865 2066 monitum
908 2026 1000 2066 fnit.
1062 2023 1196 2078 Cujus
1241 2025 1300 2063 rei
1345 2037 1469 2063 causa
1500 2025 1542 2062 in
1576 2024 1728 2063 arden-

103 2104 203 2143 tiori
234 2102 420 2143 Arabum
452 2105 714 2158 imaginandi
754 2105 794 2143 vi
824 2105 1088 2158 quaerenda,
1127 2116 1235 2156 quae
1263 2100 1442 2155 simplici
1474 2102 1725 2154 propriaque

105 2178 244 2220 rerum
276 2180 411 2220 forma
444 2195 528 2220 non
560 2191 777 2229 contenta,
821 2195 952 2220 novos
985 2181 1166 2233 undique
1198 2181 1373 2233 requirit
1405 2177 1595 2226 colores,
1637 2166 1726 2232 (μῆ-

104 2257 184 2298 bus
216 2271 284 2297 res
314 2271 412 2297 suas
437 2255 618 2298 illustret
647 2268 897 2313 augeatque.
940 2256 1034 2305 Quo
1062 2258 1275 2297 ardentior
1298 2267 1437 2297 autem
1464 2255 1725 2309 imaginandi

102 2337 193 2384 vis,
233 2350 283 2375 eo
315 2337 467 2388 majori
499 2338 623 2377 etiam
664 2339 706 2376 in
739 2337 1041 2390 componendis
1076 2334 1202 2375 rebus
1235 2343 1373 2374 utetur
1403 2333 1625 2381 libertate,
1665 2334 1724 2372 ita

103 2414 286 2468 quidem,
317 2423 362 2453 ut
393 2413 503 2454 haud
531 2430 626 2456 raro
650 2416 940 2454 diversissima
967 2415 1076 2453 inter
1099 2426 1144 2452 se
1169 2421 1398 2465 comparet,
1432 2412 1721 2465 imaginesque

102 2504 201 2531 suas
232 2505 256 2530 a
294 2491 420 2531 rebus
462 2493 753 2532 remotissimis
798 2499 971 2544 repetat.
1032 2489 1175 2538 Quare
1215 2499 1256 2529 et
1294 2490 1528 2543 imagines,
1571 2487 1722 2541 quibus

104 2566 291 2607 Arabum
325 2574 476 2622 poetae
506 2578 698 2618 utuntur,
742 2570 989 2622 saepissime
1029 2567 1198 2622 longius
1238 2581 1263 2606 a
1301 2576 1445 2606 nostro
1486 2578 1612 2605 sensu
1652 2577 1720 2603 re-

102 2645 253 2685 cedere
284 2647 501 2693 videntur3
546 2647 654 2700 quod
693 2647 860 2700 quidem
892 2655 933 2686 et
962 2649 1006 2686 in
1038 2651 1254 2699 poetarum
1290 2643 1581 2683 Hebraeorum
1615 2642 1717 2680 ima-

100 2723 296 2776 ginibus,
327 2725 401 2764 sed
434 2732 571 2762 tamen
604 2725 766 2773 rarius,
797 2724 961 2764 accidit.
