1958 2947
269 134 321 170 De
351 141 563 181 argumento
593 135 815 183 diversisque
841 136 1031 182 generibus
1060 136 1266 171 carminum
1298 135 1574 173 Hebraicorum.
1681 137 1732 174 65

105 240 322 282 Hebraico
354 241 597 282 umbilicum
631 243 680 282 ad
713 244 846 283 instar
877 244 1049 284 crateris
1078 243 1283 290 rotundi,
1336 258 1622 298 mammasque
1656 259 1728 299 ge-

103 317 242 359 mellis
285 319 478 360 dorcadis
518 319 679 360 similes
733 319 898 359 tribui?
972 320 1092 361 Haec
1142 329 1184 361 et
1225 320 1564 365 similiarminus
1613 332 1728 363 certe

104 396 348 446 offendent,
389 398 424 437 si
454 399 611 438 amoris
641 396 816 438 humani
845 398 1002 452 gaudia
1031 399 1074 438 in
1107 401 1278 439 cantico
1309 402 1573 439 canticorum
1604 413 1727 453 prae-

102 474 232 514 dicari
263 483 436 515 statuas.

776 612 813 659 ς.
854 607 1046 649 xxxa.

214 708 436 764 Expositis
472 711 561 762 jam
602 710 866 759 rationibus,
920 708 1072 762 quibus
1115 717 1156 749 et
1196 710 1398 761 mysticus
1446 717 1484 747 et
1530 711 1723 762 proprius

100 791 268 827 cantica·
287 792 550 828 canticorum
572 802 723 828 sensus
749 786 858 828 solet
880 786 1191 836 commendari,
1226 794 1441 840 superest,
1470 794 1515 825 ut
1537 796 1719 825 nostram

98 864 139 902 in
181 863 309 903 dubia
339 863 418 905 hac
449 879 494 905 re
525 865 784 919 proferamus
816 866 1083 903 sententiam.
1143 861 1234 903 Nos
1267 865 1433 918 quidem
1465 864 1636 903 omnino
1670 865 1724 902 iis

98 941 360 992 accedimus,
412 944 482 997 qui
523 945 732 983 canticum
785 940 866 981 hoc
907 943 1073 996 proprie
1123 941 1484 995 interpretandum
1534 948 1723 980 censent.

98 1015 291 1072 Namque
322 1020 365 1058 in
391 1021 506 1059 omni
535 1020 840 1074 interpretandi
874 1020 1045 1072 negotio
1079 1033 1169 1059 eam
1203 1017 1341 1073 legem
1373 1027 1505 1058 ratam
1534 1016 1724 1058 firmam-

98 1108 180 1148 que
210 1094 441 1144 habemus,
498 1111 580 1137 non
613 1110 705 1137 esse
736 1095 1042 1136 deflectendum
1073 1110 1098 1135 a
1128 1097 1296 1149 proprio
1337 1095 1539 1134 orationis
1577 1108 1721 1142 sensu,

94 1173 177 1211 nisi
207 1174 486 1226 gravissimae
517 1182 694 1228 urgeant
727 1188 906 1223 causae,
955 1187 1056 1226 quas
1088 1183 1228 1213 tamen
1264 1175 1305 1212 in
1339 1173 1501 1212 cantico
1537 1173 1723 1211 cantico-

97 1264 189 1290 rum
218 1247 358 1290 locum
391 1250 548 1291 habere
580 1264 665 1290 non
698 1252 903 1290 videmus.
965 1248 1107 1297 Quare
1132 1265 1186 1290 ex
1210 1250 1355 1290 nostra
1380 1250 1590 1289 sententia
1613 1263 1724 1289 non-

98 1328 179 1366 nisi
212 1326 383 1366 humani
415 1326 579 1381 puellae
611 1338 651 1368 et
681 1326 987 1368 adolescentuli
1019 1329 1302 1383 depinguntur
1333 1341 1524 1376 amores,
1558 1336 1597 1366 et
1630 1328 1723 1380 qui-

97 1406 191 1445 dem
230 1406 273 1444 in
317 1404 427 1444 hunc
469 1405 558 1445 fere
602 1407 802 1446 modum:
851 1403 1000 1445 Puella
1037 1407 1193 1444 rustica
1235 1402 1540 1444 adolescentuli
1581 1402 1721 1443 dilecti

97 1481 319 1536 amplexus
351 1482 592 1532 desiderat,
625 1485 894 1537 quaeritque,
926 1482 997 1522 uhi
1028 1481 1218 1522 locorum
1251 1496 1403 1536 greges
1433 1495 1532 1521 suos
1566 1489 1722 1535 pascat.

94 1558 339 1612 Respondet
371 1559 727 1609 adolescentulus,
760 1558 939 1613 puellam
970 1574 1146 1614 gregum
1180 1562 1360 1614 vestigia
1390 1560 1512 1613 sequi
1539 1557 1721 1611 jubens3

94 1635 289 1676 laudibus
321 1636 441 1675 effert
474 1635 641 1689 puellae
673 1646 960 1686 venustatem,
1002 1639 1273 1691 vicissimque
1304 1652 1328 1676 a
1362 1635 1502 1690 puella
1533 1633 1722 1674 celebra-

97 1722 177 1753 tur.
237 1711 386 1752 Puella
417 1711 720 1753 adolescentuli
754 1727 897 1753 vocem
927 1714 1065 1762 audit,
1105 1728 1283 1767 eumque
1313 1723 1476 1753 montes
1509 1710 1722 1765 collesque

94 1790 373 1843 trajicientem
404 1791 627 1840 accedere,
657 1792 827 1844 jamque
851 1791 1015 1830 adstare
1040 1793 1165 1832 videt.
1225 1790 1380 1830 Invitat
1407 1788 1588 1842 puellam
1621 1787 1725 1827 ado—

95 1866 376 1917 lescentulus,
421 1876 465 1907 ut
496 1881 540 1907 se
571 1877 790 1921 sequatur,
823 1867 1015 1922 pluviosa
1045 1883 1137 1908 cum
1169 1867 1453 1922 praeterlapsa
1484 1868 1537 1905 sit
1568 1865 1720 1914 hiems,

95 1959 406 1998 amoenumque
456 1947 566 1985 veris
615 1955 780 1999 tempus
828 1946 1061 1985 advenerit.
1142 1944 1289 1985 Puella
1339 1954 1461 1984 noctu
1509 1943 1720 1982 desiderio

94 2020 399 2061 adolescentuli
426 2023 611 2075 capitur,
645 2024 779 2077 surgit
806 2037 828 2062 e
853 2022 981 2062 cubili
1006 2022 1239 2077 urbemque
1264 2031 1486 2076 peragrat,
1521 2018 1721 2059 dilectum

99 2113 330 2152 quaerens3
385 2112 506 2151 quem
546 2108 766 2152 postquam
807 2101 990 2149 invenit,
1032 2102 1073 2139 in
1108 2101 1252 2140 matris
1284 2113 1385 2139 suae
1419 2096 1619 2138 conclave
1647 2095 1723 2134 de-

98 2175 226 2216 ducit.
295 2174 586 2215 vividissimis
618 2176 755 2215 denuo
787 2176 998 2217 coloribus
1041 2176 1286 2217 adolescens
1319 2175 1483 2230 puellae
1522 2172 1721 2214 describit

96 2251 472 2306 pulchritudinem3
512 2253 713 2292 invitatur
745 2267 768 2292 a
802 2252 967 2307 puella,
1009 2263 1054 2294 ut
1081 2256 1213 2308 ipsam
1245 2255 1424 2302 invisat,
1466 2253 1535 2292 cui
1565 2253 1721 2290 invita-

99 2331 204 2369 tioni
235 2344 281 2369 se
312 2330 695 2383 obtemperaturum
724 2328 961 2384 pollicetur.
1033 2330 1142 2370 Petit
1178 2340 1306 2371 noctu
1336 2330 1506 2370 domum
1539 2327 1717 2383 puellae,

99 2408 251 2447 ostium
283 2405 445 2460 pulsat,
491 2408 711 2447 intromitti
746 2410 943 2462 cupiens3
994 2422 1138 2448 verum
1170 2407 1328 2461 puella,
1378 2421 1527 2447 somno
1559 2406 1718 2459 gravis,

93 2464 214 2523 fores
253 2485 415 2537 aperire
452 2493 613 2533 cessat,
668 2485 801 2525 donec
832 2499 975 2526 morae
1006 2495 1222 2540 pertaesus
1254 2484 1499 2525 adolescens
1531 2481 1720 2522 discedit.

99 2558 268 2612 Aper-tis
315 2560 483 2600 tandem
532 2559 694 2601 foribus
740 2562 813 2603 ubi
859 2562 1058 2603 dilectum
1103 2563 1351 2604 discessisse
1402 2561 1517 2600 videt
1563 2555 1720 2612 puella,

100 2635 224 2675 domo
255 2636 494 2690 egreditur,
528 2638 757 2692 urbemque
786 2649 1063 2696 pervagatur,
1097 2637 1455 2681 adolescentulum
1487 2634 1718 2689 requirens-

1314 2718 1335 2754 5
