1968 3095
194 156 277 194 202
785 155 879 192 Pars
907 155 981 192 111.
1042 156 1134 204 Gap.
1173 156 1227 193 11.

191 268 229 321 ε.
263 266 341 309 ω
388 268 496 320 »ῳ
544 266 739 326 hepo>
785 265 916 331 Lesb->³
962 253 1040 320 122
1082 269 1154 324 ὼε
1197 264 1371 331 ψερωε
1416 266 1455 320 cs
1500 264 1639 327 wop
1683 251 1821 329 Qus

193 354 326 411 [pL-mi
362 356 506 416 0539»
538 353 564 393 i.
596 366 633 393 e.
667 351 752 407 pila
782 351 1085 395 vocabulorum
1131 353 1430 404 barbarorum,
1474 354 1642 409 quando
1683 363 1823 396 versat

195 446 288 472 eam
321 429 441 471 clava
471 429 632 471 lusoria
661 429 836 485 linguae
865 430 1097 483 Arabicae,
1135 439 1324 473 tornatur
1354 433 1397 472 in
1428 446 1576 486 gyrum
1605 447 1681 488 pro
1711 443 1825 476 stru-

193 510 311 549 ctura
343 508 571 550 formarum
601 512 723 564 ejus,
756 508 1023 563 volvitur-que
1047 523 1121 563 pro
1153 508 1276 550 libito
1302 511 1344 549 in
1371 509 1581 564 palaestra
1605 510 1823 567 linguae.“

196 586 319 636 Quae
352 586 430 626 hoc
459 585 555 627 loco
581 586 760 629 habetur
785 586 1015 642 allegoria,
1047 586 1350 628 vocabulorum
1375 589 1692 643 peregrinorum
1713 591 1824 645 apud

195 664 362 706 Arabes
403 663 681 706 inflexionem
713 667 899 720 imagine
930 664 1065 720 pilae,
1105 663 1226 705 clava
1266 664 1427 707 lusoria
1466 666 1547 708 huc
1588 666 1688 708 illuc
1727 682 1825 723 pro-

199 743 359 798 pulsae,
391 753 727 797 repraesentans,
758 743 1040 785 Arabswdae
1065 744 1232 794 editori,
1259 744 1495 799 Mangero,
1528 743 1702 800 elegans
1735 747 1833 787 visa.

196 823 299 870 suit;
344 822 549 875 siquidem
583 823 624 862 in
658 825 769 863 notis
811 822 864 862 ad
907 821 1020 862 hunc
1059 820 1196 862 locum
1227 833 1390 863 monet:
1441 823 1686 878 „elegantia
1713 838 1827 866 com-

197 902 458 955 waradonis,
502 902 583 954 qua
619 915 742 961 voces
781 901 1050 955 peregrinas,
1093 899 1146 940 ab
1177 899 1392 941 Arabibus
1424 903 1741 956 pronuntiatas,
1780 904 1824 944 in

195 978 301 1018 alias
333 977 445 1018 flecti
465 979 633 1019 formas
665 979 864 1033 exponit,
908 980 1044 1032 magis
1087 977 1225 1017 adhuc
1264 977 1466 1020 elucescit
1505 992 1559 1021 ex
1600 995 1672 1031 eo,
1713 981 1825 1036 quod

193 1057 333 1111 ipsum
375 1054 479 1096 illud
515 1056 790 1104 vocabulum,
823 1071 904 1112 quo
939 1055 1100 1096 clavam
1140 1057 1363 1111 exprimit,
1404 1057 1600 1100 Persicae
1631 1059 1824 1114 originis,

194 1133 247 1174 ab
279 1133 468 1175 Arabum
502 1150 574 1175 ore
606 1138 759 1176 mirum
792 1137 833 1176 in
868 1135 1039 1176 modum
1071 1134 1415 1189 detorqueatur.“
1475 1134 1638 1187 Nobis,
1681 1138 1716 1178 si
1745 1151 1824 1192 pro

196 1223 338 1253 nostro
372 1200 499 1252 sensu
527 1213 721 1266 judicare
752 1213 876 1264 licet,
910 1216 1049 1267 imago
1076 1211 1147 1252 illa
1175 1227 1309 1267 neque
1334 1212 1530 1269 elegans,
1563 1229 1699 1270 neque
1729 1224 1826 1270 apta

194 1293 298 1332 satis
337 1293 514 1331 ridetur.
575 1290 768 1346 Namque
796 1294 904 1332 inter
929 1291 1081 1347 pilam,
1113 1305 1187 1346 pro
1219 1289 1339 1331 libito
1371 1292 1453 1332 huc
1483 1291 1584 1332 illuc
1606 1294 1824 1346 jactatam,

198 1379 239 1410 et
275 1367 574 1409 vocabulorum
608 1369 911 1420 inflexionem,
952 1370 1003 1409 ad
1036 1379 1172 1409 certas
1215 1368 1384 1424 linguae
1426 1369 1543 1424 leges
1575 1372 1825 1423 institutam,

195 1462 342 1502 parum
375 1445 665 1488 similitudinis
696 1449 933 1489 intercedit.
984 1448 1111 1489 Haud
1136 1448 1258 1489 aliter
1282 1450 1406 1488 etiam
1430 1449 1481 1489 de
1509 1448 1700 1503 pluribus
1729 1448 1827 1492 aliis

197 1535 238 1566 et
280 1524 586 1576 Arabsmdae,
640 1537 681 1567 et
723 1526 983 1582 reliquorum
1026 1533 1246 1580 poetarum
1286 1525 1566 1569 Arabicorum
1608 1526 1826 1583 allegoriis

197 1605 487 1654 statuendum,
517 1620 690 1659 quarum
721 1604 892 1661 longum
926 1614 1039 1646 esset
1069 1603 1266 1659 exempla
1294 1607 1337 1646 in
1369 1606 1552 1646 medium
1583 1605 1786 1659 proferre.
1823 1592 1825 1595 .

920 1744 957 1791 §-
1003 1737 1095 1781 cu.

309 1828 538 1883 Superest,
587 1836 631 1867 ut
670 1828 721 1868 de
760 1833 952 1883 mysle‘cis
997 1835 1217 1883 poetarum
1259 1828 1540 1870 Arabicorum
1593 1830 1823 1885 allegoriis

194 1921 329 1962 pauca
371 1906 578 1960 quaedam
618 1906 836 1948 addamus.
917 1906 1157 1949 Occurrunt
1201 1922 1350 1961 nempe
1393 1909 1435 1947 in
1474 1906 1661 1948 Arabum
1703 1910 1823 1962 poesi

198 1985 386 2025 carmina
417 1982 527 2023 haud
561 1998 720 2037 pauca,
754 1985 930 2038 quibus,
963 1988 1041 2027 etsi
1074 1986 1241 2026 nonnisi
1275 1986 1361 2024 vini
1389 1986 1627 2039 amorisque
1650 1985 1824 2030 humani

198 2062 374 2103 delicias
423 2060 639 2101 celebrare
683 2062 932 2113 videantur,
983 2065 1230 2117 interpretes
1273 2062 1446 2103 Arabici
1498 2063 1822 2121 reconditiorem

199 2139 379 2193 aliquem
412 2139 603 2179 tribuunt
634 2154 829 2189 sensum,
862 2142 1228 2195 contenduntque,
1260 2143 1345 2181 vini
1378 2142 1616 2195 amorisque
1649 2138 1822 2183 humani

200 2219 384 2271 imagine
419 2218 550 2257 divini
583 2220 740 2259 attioris
772 2217 1026 2272 voluptatem
1058 2218 1254 2259 describi.
1310 2217 1590 2258 Arabicorum
1621 2219 1824 2273 interpre-

200 2305 285 2335 tum
319 2296 569 2334 auctoritate
597 2296 753 2335 inducti
786 2306 827 2337 et
860 2299 1138 2337 recentiorum
1173 2294 1363 2337 nonnulli
1386 2296 1560 2347 mystica
1590 2294 1664 2336 illa
1696 2299 1824 2337 inter-

199 2374 434 2427 pretatione
478 2386 527 2410 eo
569 2376 702 2426 magis
744 2362 938 2415 delecta't'i
980 2384 1102 2424 sunt,
1149 2388 1229 2428 quo
1277 2372 1474 2422 liberior,
1532 2374 1582 2412 ea
1622 2373 1824 2424 admisse,

200 2450 461 2504 imaginandi
496 2452 556 2489 vis
588 2453 816 2504 exspatiari
850 2462 998 2506 potest.
1051 2451 1197 2492 Solent
1220 2460 1355 2490 autem
1382 2449 1496 2491 illam
1520 2451 1824 2504 interpretandi

201 2530 408 2568 rationem
441 2529 481 2567 in
515 2527 625 2567 bunc
656 2529 744 2567 sere
777 2531 946 2568 modum
980 2530 1297 2569 commendare:
1337 2530 1501 2568 animus
1543 2530 1634 2583 pius
1675 2530 1824 2571 eodem

203 2609 245 2645 in
278 2606 414 2646 Deum
453 2621 597 2646 atuore
638 2609 897 2656 concitatur,
938 2622 1019 2661 quo
1055 2609 1228 2659 juvenis
1269 2607 1421 2646 ardeus
1459 2608 1500 2646 in
1543 2605 1725 2660 puellam
1759 2607 1823 2648 di-

205 2682 383 2731 lectum;
425 2686 612 2737 quinimo
652 2686 820 2724 divinus
851 2684 922 2725 ille
953 2699 1072 2725 autor
1103 2700 1153 2725 eo
1189 2687 1401 2725 incitatior
1432 2698 1526 2725 esse
1557 2685 1704 2734 debet,
1743 2697 1824 2741 quo
