1958 2947
829 115 1075 162 Comparatio.
1687 117 1764 152 ¹03

143 219 240 259 rint.
300 217 459 258 Contra
490 218 786 260 Hebraeorum
818 221 1049 276 prophetae
1081 234 1163 260 non
1195 235 1298 272 suo,
1321 224 1398 264 sed
1426 223 1560 264 Jovae
1592 224 1760 263 nomine

140 296 269 337 verba
296 296 477 343 faciunt3
523 296 669 336 duram
710 298 852 352 populi
894 300 962 339 sui
1001 307 1159 339 sortem
1202 301 1388 341 numinis
1425 301 1556 341 divini
1588 301 1651 341 ira
1681 302 1761 341 im-

137 375 337 425 missam,
379 375 631 429 durioraque
662 374 799 416 adhuc
828 385 1032 416 eventura
1071 377 1354 428 contendunt,
1395 380 1474 418 nisi
1507 379 1655 420 Jovam
1689 382 1758 435 pio

134 453 385 508 sinceroque
413 454 555 493 animo
587 451 766 508 populus
796 453 929 501 eolat3
961 462 1003 494 at
1032 453 1267 496 laetissima
1299 458 1458 497 instare
1485 466 1688 513 tempora,
1719 460 1756 499 si

133 539 353 585 corruptos
385 544 525 571 mores
556 533 773 584 exuerint,
807 532 1018 574 idolorum
1049 530 1181 572 cultui
1212 536 1562 587 renuntiaverint,
1593 536 1755 591 solique

132 607 265 650 Jovae
295 608 573 650 inhaeserint.

849 744 885 792 ς.
936 742 1036 783 LX.

245 840 372 892 Quod
404 842 456 882 ad
487 840 648 898 reliqua
687 843 849 883 adtinet
884 848 1060 897 poeseos
1091 857 1275 898 genera,
1324 858 1429 899 quae
1459 854 1623 899 praeter
1652 846 1752 901 lyri-

132 933 225 960 cum
255 928 297 959 et
327 921 577 961 didacticum
609 921 721 975 apud
752 920 919 961 Arabes
950 921 1167 972 obtinent,
1210 921 1322 962 haud
1355 921 1645 974 diffitendum,
1676 924 1751 965 ali-

131 1011 213 1050 qua
249 996 400 1038 saltem
440 997 609 1039 illorum
650 1007 692 1039 et
729 1000 770 1039 in
802 998 1096 1039 Hebraeorum
1137 1001 1252 1053 poesi
1291 1014 1514 1040 occurrere
1554 1003 1749 1057 vestigia.

130 1073 202 1114 Sic
239 1077 284 1115 in
323 1074 482 1116 ultimis
513 1075 612 1116 Jobi
662 1075 892 1130 capitibus,
931 1076 1388 1127 XXXVIII—XLI,
1442 1077 1749 1132 pulcherrimae

129 1151 297 1193 obviam
325 1163 423 1193 sunt
453 1155 790 1208 descriptiones,
833 1157 927 1209 equi
957 1156 1228 1208 praeprimis,
1271 1155 1559 1210 hippopotami
1589 1166 1628 1197 et
1659 1172 1747 1198 cro-

127 1229 270 1272 codili.
328 1229 478 1285 Neque
507 1234 616 1273 inter
647 1232 832 1287 psalmos
862 1233 1035 1280 desunt,
1069 1247 1170 1287 quos
1203 1232 1252 1272 ad
1281 1246 1416 1286 genus
1447 1234 1742 1288 descriptivum

127 1309 286 1350 referre
319 1313 476 1364 possis3
508 1309 589 1351 huc
620 1312 728 1351 inter
758 1319 921 1350 ceteros
953 1309 1295 1364 elegantissimus
1326 1310 1398 1350 ille
1431 1311 1614 1365 psalmus
1645 1312 1744 1353 CIV

128 1391 338 1444 pertinere
371 1390 560 1439 videtur,
593 1404 674 1443 quo
707 1390 749 1428 in
783 1390 968 1428 carmine
998 1389 1129 1429 Jovae
1162 1390 1361 1441 majestas
1391 1399 1515 1445 atque
1547 1390 1743 1445 benigni-

126 1477 190 1508 tas
221 1466 573 1522 splendidissimis
605 1469 790 1520 pingitur
822 1465 1048 1507 coloribus.
1107 1466 1264 1507 Mirum
1298 1468 1431 1508 videri
1463 1469 1615 1521 possit,
1656 1484 1743 1508 car—

125 1548 239 1587 mina
273 1546 546 1594 laudatoria,
578 1554 743 1598 praeter
772 1559 847 1594 ea,
880 1559 985 1599 quae
1012 1545 1062 1584 ad
1093 1559 1245 1584 numen
1276 1545 1462 1585 divinum
1493 1547 1743 1598 referuntur,

124 1625 166 1663 in
200 1623 490 1663 Hebraeorum
525 1625 643 1676 poesi
675 1623 928 1676 paucissima
960 1623 1131 1672 haberi,
1163 1637 1256 1662 cum
1279 1631 1417 1662 tamen
1442 1624 1481 1663 id
1509 1626 1740 1665 carminum

125 1716 260 1757 genus
292 1701 400 1755 apud
431 1700 595 1741 Arabes
624 1700 708 1740 late
741 1710 905 1754 pateat,
947 1710 987 1740 et
1028 1715 1109 1740 non
1142 1699 1278 1740 solum
1311 1700 1361 1739 ad
1395 1702 1506 1740 viros
1536 1700 1737 1752 illustres,

127 1792 271 1818 verum
302 1779 429 1817 etiam
461 1779 512 1818 ad
544 1779 723 1818 feminas
756 1763 975 1832 pertineat.
1036 1779 1142 1831 Ejus
1185 1780 1244 1817 rei
1278 1777 1432 1832 duplex
1464 1793 1590 1819 causa
1622 1781 1736 1820 reddi

124 1856 277 1910 possit3
331 1854 395 1894 vel
438 1858 549 1896 enim
588 1856 882 1897 Hebraeorum
925 1862 1072 1909 poetae
1121 1865 1284 1909 praeter
1322 1858 1468 1897 Jovam
1514 1871 1740 1912 regemque

123 1947 270 1983 suum,
303 1947 423 1988 quem
449 1933 582 1973 Jovae
613 1937 732 1988 quasi
768 1935 965 1974 vicarium
1000 1933 1224 1988 putabant,
1257 1937 1466 1974 neminem
1499 1935 1735 1976 mortalium

123 2011 295 2066 dignum
328 2011 580 2061 censebant,
623 2026 744 2066 quem
780 2011 1036 2052 carminibus
1078 2011 1361 2059 celebrarent3
1404 2011 1466 2050 vel
1500 2015 1534 2052 si
1567 2017 1737 2054 omnino

124 2099 166 2129 et
207 2091 393 2128 virorum
433 2088 659 2129 illustrium
698 2089 845 2129 laudes
885 2089 1208 2142 praedicabant,
1247 2092 1324 2140 iis,
1366 2092 1432 2144 qui
1474 2092 1735 2144 antiquorum

123 2166 416 2207 Hebraeorum
450 2168 710 2206 monimenta
740 2164 925 2204 literaria
959 2165 1241 2221 collegerunt,
1273 2169 1399 2222 inque
1431 2183 1557 2208 unum
1590 2183 1738 2223 corpus

122 2245 400 2299 redegerunt,
441 2245 659 2299 indignum
701 2245 836 2283 visum
877 2244 978 2293 fuit,
1030 2246 1286 2307 carminibus
1326 2247 1405 2295 iis,
1449 2260 1553 2300 quae
1591 2247 1735 2296 Jovae,

123 2321 190 2362 vel
221 2323 346 2362 etiam
381 2325 494 2376 regis
537 2324 801 2375 majestatem
839 2309 1103 2377 gloriamque
1145 2322 1431 2372 celebrarent,
1471 2322 1572 2364 talia
1601 2325 1740 2363 immi-

123 2413 268 2449 scere,
308 2413 413 2452 quae
444 2397 621 2439 aliorum
654 2398 894 2440 mortalium
924 2399 1071 2441 laudes
1103 2400 1411 2455 praedicabant.
1448 2424 1495 2430 —-
1540 2399 1740 2441 Carmina

124 2481 316 2530 satyrica
347 2476 641 2517 Hebraeorum
674 2485 823 2531 poetae
863 2493 916 2519 ex
958 2481 1151 2519 instituto
1193 2480 1359 2533 quidem
1393 2493 1473 2517 non
1507 2479 1736 2532 scripsere;

125 2553 259 2595 nihilo
290 2565 427 2594 tamen
461 2555 625 2607 minus,
668 2558 854 2597 maxime
893 2559 936 2597 iu
975 2556 1270 2611 prophetarum
1309 2556 1497 2608 scriptis,
1539 2554 1738 2596 nonnulla

124 2633 413 2686 reperiuntur,
456 2646 563 2686 quae
593 2630 779 2684 satyrico‘
806 2636 950 2688 generi
983 2635 1215 2687 adjudicari
1246 2633 1419 2686 possint.
1486 2631 1531 2672 In
1562 2647 1738 2687 quorum
