1958 2947
470 193 519 228 De
547 193 690 238 oriyz'ne
720 200 751 228 el
777 194 896 228 causis
923 195 1065 238 poeseos
1096 192 1311 229 Hem-aicae.
1707 195 1754 232 19

131 301 374 342 sacerdotes
404 301 597 355 captivos
622 299 914 350 abduxerunt,
946 314 1034 355 cap.
1059 300 1172 351 XII,
1203 304 1257 342 ‘17
1274 325 1330 332 -—
1353 303 1428 348 193
1459 302 1603 342 omnia
1631 298 1756 355 plena

118 386 230 418 *sunt
258 379 536 432 injuriarum,
578 377 806 418 violentiae
836 387 962 433 atque
992 380 1191 432 rapinae,
1234 393 1324 433 cap.
1352 378 1525 429 XXIV,
1556 382 1582 420 2
1602 403 1654 409 -
1674 383 1754 426 16;

132 457 280 497 domus
311 457 519 510 urbesque
549 454 771 496 desolatae>
795 455 1040 496 hominibus
1070 455 1260 498 scelestis
1291 459 1566 512 iwpmedam
1586 457 1755 507 cadunt,

123 548 215 589 cap.
239 533 344 585 XV,
376 539 428 575 28
457 543 535 576 etc.
594 535 769 579 Aecedit

244 612 303 665 ΙΙ)
347 614 457 668 quod
497 615 540 653 in
579 613 679 654 Jobz·
715 611 827 652 libro
867 612 1078 665 ejusmodi
1121 623 1343 654 occurrant
1375 616 1598 662 notiones,
1650 626 1757 668 quae

131 691 241 745 apud
264 691 487 731 Hebraeos
517 692 691 731 nonnisi
720 705 773 730 ex
806 704 857 730 eo
887 700 1100 744 tempore,
1134 706 1215 745 quo
1248 706 1342 732 cum
1373 691 1506 733 Asiae
1537 691 1757 732 orientalis

130 767 296 823 populis
328 771 626 810 commercium
659 768 897 818 habebant,
939 767 1224 810 invaluerunt.
1296 769 1394 809 Huc
1423 769 1606 819 referas,
1651 783 1758 824 quae

132 847 184 886 de
215 847 404 902 angelis,
461 849 553 888 sive
592 849 735 903 geniis.
762 849 871 887 inter
904 846 1043 887 Deum
1073 846 1350 902 hominesque
1379 849 1668 895 intermediis,
1715 851 1757 887 in

126 924 232 966 Jobz·
258 924 369 966 libro
400 926 620 967 habentur.
678 926 806 966 Haud
831 927 1001 980 quidem
1023 928 1171 981 negari
1199 936 1361 981 potest,
1393 926 1604 967 Hebraeis
1630 928 1754 967 etiam

129 1004 436 1057 antiquioribus
457 1004 716 1059 temporibus
738 1002 929 1059 angelos,
963 1007 1127 1047 0³:837:
1144 1034 1155 1052 ‚
1190 1008 1382 1060 cognitos
1403 1006 1560 1052 fuisse3
1591 1014 1632 1044 at
1654 1019 1754 1045 vero

132 1095 276 1122 eorum
296 1083 484 1122 conditio
506 1084 547 1122 in
559 1083 660 1123 Jobz·
676 1081 785 1122 libro
806 1080 890 1121 alia
913 1092 975 1121 est
999 1093 1122 1136 atque
1146 1083 1456 1137 antiquioribus
1479 1084 1757 1142 temporibus.

134 1157 329 1213 Namque
368 1162 411 1199 in
448 1159 550 1200 Jobt
575 1159 685 1200 libro
716 1158 856 1214 angeli
890 1159 1226 1202 consiliariorum
1258 1161 1342 1201 Dei
1373 1175 1546 1201 munere
1578 1163 1761 1217 fungun—

132 1247 225 1286 tur,
258 1251 349 1291 cap.
371 1237 407 1287 I,
441 1242 492 1288 6,
525 1237 577 1287 ll,
611 1242 658 1284 13
690 1239 815 1277 iidem
850 1237 1066 1278 hominum
1099 1239 1272 1280 tutelam
1303 1241 1561 1293 suscipiunt,
1594 1255 1760 1281 eorum-

133 1329 214 1369 que
247 1329 416 1355 causam
447 1317 559 1370 apud
592 1315 731 1356 Deum
763 1326 906 1371 agunt,
940 1319 1046 1371 γ”πι
1078 1318 1221 1370 Ἶκξῃ,
1253 1333 1342 1372 cap.
1365 1317 1420 1368 V,
1454 1322 1501 1366 1,
1539 1318 1759 1369 XXXIII,

134 1396 211 1440 233
242 1407 378 1447 neque
400 1402 539 1435 tamen
562 1395 644 1448 ipsi
664 1408 688 1434 a
712 1393 876 1435 delict-is
899 1397 1162 1450 peccatisque
1181 1398 1393 1436 immunes
1413 1405 1535 1445 sunt,
1567 1410 1654 1451 cap.
1680 1397 1758 1447 lv,

136 1476 213 1522 18,
246 1471 348 1522 XV,
377 1477 453 1520 15;
484 1486 591 1527 quae
614 1475 809 1514 notiones
832 1475 939 1528 apud
955 1473 1181 1515 Hebraeos
1202 1475 1372 1538 nonnisi
1389 1475 1543 1514 seriori
1568 1484 1759 1529 tempore

133 1550 420 1592 invaluerunt.
481 1549 619 1601 Adde,
651 1566 758 1605 quae
783 1553 835 1592 de
859 1550 1047 1604 Satauci,
1078 1554 1204 1608 genio
1238 1536 1365 1602 malo,
1399 1567 1487 1606 cap.
1511 1551 1540 1602 l,
1571 1557 1612 1603 6,
1644 1567 1760 1608 sequ.

133 1628 200 1678 ΙΙ,
236 1635 274 1680 i,
306 1644 425 1685 sequ.
456 1630 699 1676 traduntur3
732 1631 853 1683 cujus
886 1632 1017 1680 notio,
1048 1631 1356 1685 antiquioribus
1386 1630 1644 1685 temporibus
1672 1631 1764 1671 He-

135 1707 277 1747 braeis
300 1722 471 1761 prorsus
494 1709 653 1761 ignota,
684 1709 852 1746 nonnisi
876 1708 984 1761 apud
1015 1710 1188 1748 serioris
1214 1710 1307 1747 aevi
1332 1717 1542 1757 auctores,
1576 1707 1758 1749 Zachar.

134 1784 220 1835 III,
256 1790 302 1834 1,
335 1790 385 1835 2,
428 1790 446 1825 1
471 1783 630 1825 Chron.
652 1784 791 1835 XXI,
827 1790 873 1834 1,
914 1784 1256 1839 deprehenditur.
1325 1785 1450 1825 Haud
1484 1786 1651 1840 quidem
1684 1801 1761 1827 nos

135 1863 268 1917 fugit,
318 1873 613 1918 argumentum
650 1863 809 1912 hocce,
864 1877 888 1902 a
921 1861 1122 1903 Satanae
1157 1866 1330 1903 notione
1363 1865 1559 1917 petitum,
1609 1863 1662 1904 ab
1693 1867 1761 1916 iis,

135 1942 207 1995 qni
238 1942 437 1981 carminis
479 1940 701 1996 prologum
746 1950 870 1994 atque
900 1939 1114 1995 epilogum
1147 1943 1467 1996 suppositicium
1501 1944 1761 1993 existimant,

133 2020 341 2072 rejectum
374 2021 450 2066 iri3
482 2028 524 2059 at
554 2033 653 2059 vero
683 2020 770 2072 jam
803 2020 996 2073 superius
1030 2021 1094 2073 (ξ.
1122 2024 1161 2068 3,
1193 2019 1265 2072 ll.)
1297 2022 1500 2060 monitum
1533 2021 1633 2071 fuit,
1667 2022 1764 2062 abs—

137 2112 217 2152 que
248 2096 475 2137 sufficienti
508 2097 672 2136 ratione
708 2095 932 2151 prologum
967 2107 1091 2151 atque
1123 2097 1335 2153 epilogum
1365 2097 1466 2138 Joln·
1495 2101 1656 2139 auctori
1688 2099 1763 2140 ab—

135 2177 333 2228 judicari.
396 2173 589 2226 Denique

251 2252 335 2305 lll)
375 2262 415 2292 et
449 2254 584 2306 ipsum
625 2253 788 2292 dicendi
829 2268 983 2308 genus,
1033 2255 1141 2308 quod
1173 2255 1216 2293 in
1247 2253 1348 2294 Jobc‘
1374 2253 1486 2295 libro
1519 2255 1761 2301 offenditur,

139 2333 302 2386 arguit,
333 2329 487 2370 librum
512 2329 630 2371 illum
664 2330 773 2370 haud
808 2331 954 2385 procul
985 2332 1037 2372 ab
1071 2331 1190 2372 exilii
1222 2330 1473 2386 Babylonici
1505 2333 1762 2387 temporibus

141 2410 422 2463 conscriptum
456 2409 604 2449 fuisse.
673 2409 841 2449 Etenim
873 2408 983 2450 haud
1014 2424 1163 2464 parum
1202 2424 1225 2449 a
1258 2412 1420 2464 priscae
1449 2410 1618 2465 linguae
1649 2413 1764 2463 puri-

143 2496 225 2532 tate
265 2486 366 2527 Jobc
400 2501 540 2527 sermo
580 2486 805 2537 abhorret,
856 2486 1118 2542 multumque
1158 2489 1209 2528 ad
1250 2491 1456 2530 seriorum
1498 2489 1762 2541 scriptorum,

144 2554 364 2617 Danielis,
398 2565 554 2615 Esrae,
586 2565 900 2616 Ecclesiaetae,
932 2567 1158 2607 dictionem
1189 2568 1364 2607 aceedit.
1421 2564 1660 2606 Occurrunt
1689 2580 1764 2607 vo-

143 2642 296 2684 cabula
332 2643 395 2684 vel
438 2641 561 2697 plane
597 2642 830 2696 Aramaea,
882 2643 950 2685 vel
986 2660 1060 2699 pro
1094 2645 1549 2686 Aramaeorum³more
1578 2644 1764 2693 inflexa;

143 2723 311 2774 saepius
358 2724 483 2762 etiam
534 2715 740 2789 vocabula
784 2722 998 2764 Hebraica
1045 2725 1095 2764 ea
1140 2723 1393 2762 adhibentur
1437 2721 1761 2776 significatione,

1421 2805 1445 2840 2
1471 2807 1484 2819 .
